4956 6246
646 727 689 792 64
909 721 1087 792 JOANNIS
1120 717 1336 790 Fuuttutlffl
1373 718 1461 788 VAN
1495 717 1660 808 OORDT,
1694 717 1725 786 J.
1758 717 1797 787 G.
1827 717 1905 789 rte.

645 929 693 994 ita
717 951 779 992 sua
806 937 929 994 natura
958 949 1075 994 ansam
1111 928 1227 1004 dedit,
1255 937 1296 993 ut
1318 925 1501 1012 proderent
1520 945 1556 990 se
1577 927 1687 1008 varie,
1713 921 1965 1001 diuersissima,
1985 922 2057 993 imo
2078 949 2166 994 non.

643 1065 818 1128 nunquam
848 1065 988 1129 prorsus
1015 1045 1081 1110 sibi
1107 1047 1253 1110 invicem
1280 1041 1434 1130 opposita
1462 1041 1642 1106 hominum
1663 1041 1797 1112 studia,
1820 1051 1862 1106 ut
1882 1041 1932 1107 ita
1949 1043 2008 1108 alii
2026 1045 2069 1111 ab
2089 1051 2164 1116 aliis

642 1163 731 1226 baud
755 1184 877 1246 parum
898 1164 1112 1247 discrepent,
1133 1171 1239 1250 atque
1260 1161 1317 1226 alii
1331 1160 1425 1225 aliud
1441 1157 1477 1222 in
1496 1159 1680 1245 Theologia
1698 1171 1883 1229 sectentur.
1916 1161 1957 1226 In
1977 1161 2161 1232 Germania

641 1282 844 1362 praesertim
873 1291 952 1346 ante
977 1285 1106 1348 multos
1131 1285 1204 1368 jam
1228 1301 1333 1346 annos
1360 1298 1431 1343 non
1450 1286 1586 1342 tantum
1606 1277 1642 1342 in
1663 1279 1771 1345 varias
1791 1292 1905 1366 partes
1922 1281 2035 1350 abiere
2057 1285 2165 1352 Theo·

643 1399 734 1484 logi,
761 1402 821 1465 sed
849 1409 883 1466 et
909 1403 974 1468 boc
1000 1400 1240 1486 postulabatur
1274 1401 1363 1472 fere,
1387 1395 1415 1460 si
1445 1394 1521 1480 quis
1549 1417 1675 1461 nomen
1701 1399 1841 1484 aliquod
1868 1411 1903 1469 et
1929 1401 2164 1471 celebritatem

640 1515 905 1597 adipisceretur,
935 1529 976 1584 ut
1004 1529 1064 1584 aut
1088 1519 1159 1601 ipse
1182 1517 1218 1580 in
1242 1514 1405 1599 peculiari
1431 1514 1577 1594 quadam
1600 1517 1811 1608 proponendi
1831 1518 1965 1585 ratione
1984 1521 2053 1584 dux
2068 1524 2165 1587 exis-

639 1641 745 1715 teret,
777 1646 837 1700 aut
861 1639 985 1702 saltem
1016 1647 1132 1722 aperte
1164 1634 1423 1722 pronunciaret,
1453 1654 1473 1696 a
1498 1633 1707 1718 quibusnam
1730 1639 1888 1722 partibus
1907 1650 2029 1710 staret.
2075 1641 2164 1710 Uni-

639 1773 734 1819 versa
758 1755 800 1819 de
829 1755 1010 1843 Theologis
1040 1759 1105 1823 hoc
1129 1755 1412 1829 conbuirebatur,
1438 1753 1473 1817 iu
1499 1771 1684 1832 quamnam
1709 1767 1843 1842 partem
1867 1755 2067 1843 vergerent,
2092 1759 2162 1823 cui.

637 1891 717 1934 nam
743 1875 878 1939 scholae
900 1885 1011 1941 essent
1033 1875 1177 1952 addicti,
1210 1884 1245 1941 et
1258 1918 1268 1949 ,
1290 1873 1350 1956 qui
1379 1871 1427 1935 ibi
1452 1869 1554 1936 etiam
1580 1873 1754 1941 affuerunt
1774 1894 1924 1956 semper,
1946 1875 2059 1960 magni
2079 1875 2161 1951 riri,

637 1990 734 2052 nullo
763 1990 917 2072 partium
944 1993 1061 2057 studio
1088 1993 1202 2068 ducti,
1231 2011 1293 2056 nec
1323 1990 1470 2074 alicujus
1499 2009 1534 2074 se
1553 2006 1713 2070 sequaces
1735 2000 1852 2072 aperte
1878 1991 2160 2074 pronunciantes,

637 2125 759 2187 parum
788 2105 824 2168 hi
849 2127 868 2174 a
897 2109 1002 2192 uulgo
1030 2107 1314 2178 aestimabantur,
1336 2115 1371 2174 et
1391 2128 1411 2172 a
1429 2107 1535 2172 nullis
1555 2107 1678 2194 agniti,
1703 2105 1746 2170 ab
1762 2104 1941 2183 omnibns,
1964 2111 2025 2192 qui
2043 2130 2161 2194 sapere

637 2222 760 2290 audere
780 2221 844 2288 sibi
858 2223 1084 2302 videbantur,
1103 2237 1162 2294 aut
1178 2227 1336 2293 tardioris
1355 2224 1480 2312 ingenii
1501 2235 1562 2289 aut
1577 2221 1767 2293 vacillantis
1787 2221 1893 2286 animi
1911 2225 2158 2311 arguebantur,

639 2351 674 2406 et
702 2341 920 2425 syncretismi
944 2343 1022 2410 labe
1049 2365 1168 2412 eorum
1189 2343 1345 2412 doctrina
1369 2341 1558 2408 habebatur
1580 2339 1716 2406 inlecta.
1764 2339 1873 2427 Hujus
1892 2341 2050 2436 quidem,
2071 2343 2163 2410 dixe·

638 2459 704 2522 rim
731 2461 801 2524 fere
829 2459 996 2538 insaniae,
1025 2483 1186 2548 magnam
1212 2470 1346 2545 partam
1379 2459 1571 2524 immunem
1598 2460 1783 2544 gaudemus
1811 2459 1960 2542 patriam
1984 2470 2159 2538 nostram,

638 2581 672 2644 et
698 2578 761 2642 hac
785 2578 827 2646 de
854 2599 953 2648 causa
975 2581 1018 2646 ab
1045 2583 1136 2646 haud
1157 2580 1272 2664 paucis
1297 2579 1333 2642 in
1357 2575 1432 2642 aliis
1462 2575 1656 2662 regionibus
1677 2579 1829 2662 partium
1848 2579 1992 2644 ducibus
2013 2581 2153 2648 minoris

636 2690 850 2758 aestimatam
865 2717 873 2772 ;
904 2701 959 2762 rel
989 2699 1038 2762 sio
1057 2709 1174 2764 tamen
1192 2697 1250 2762 bie
1267 2695 1340 2761 illic
1356 2696 1541 2762 crebrescit
1557 2697 1691 2762 scholae
1703 2719 1952 2784 nonnunquam
1975 2709 2037 2764 aut
2054 2699 2164 2766 Theo,

637 2811 745 2895 logias
774 2817 952 2900 cujusdam
981 2817 1162 2901 peculiaris
1193 2821 1300 2896 lama;
1335 2819 1517 2899 multoque
1544 2815 1651 2902 magis
1676 2817 1833 2883 univerae
1852 2817 1895 2882 de
1912 2816 2078 2903 oppositis
2096 2817 2162 2882 sibi

637 2927 793 3008 partibus
824 2951 938 2998 sermo
970 2943 1038 3011 est;
1074 2933 1130 2996 alii
1159 2933 1343 2997 rationales
1370 2932 1537 3007 audiunt,
1570 2933 1708 3016 mystici
1732 2935 1813 3011 alii,
1840 2946 1900 3001 aut
1924 2935 2102 3003 orthodoxi
2127 2946 2162 3002 et

638 3043 730 3109 hisce
753 3044 900 3129 oppositi
923 3048 1103 3126 liberales,
1131 3049 1165 3114 in
1188 3050 1312 3133 quibus
1334 3061 1450 3116 tamen
1469 3073 1511 3116 na
1539 3071 1654 3116 reram
1673 3055 1919 3122 vocabulorum
1940 3058 2161 3144 significatio·

638 3184 717 3230 nem
753 3184 948 3250 urgeamus.
1002 3164 1074 3232 Hoc
1102 3169 1251 3233 maxime
1279 3179 1440 3254 rogatur,
1473 3169 1658 3254 antiquane
1689 3173 1765 3256 quis
1799 3181 1949 3240 sectetur
1982 3195 2024 3240 an
2050 3173 2160 3242 nora?

684 3280 779 3366 Quae
802 3305 881 3350 cum
908 3285 959 3350 ita
979 3287 1070 3370 sint,
1094 3289 1185 3352 haud
1200 3286 1374 3353 immerito
1392 3307 1532 3372 prorsus
1552 3289 1592 3352 de
1611 3287 1783 3378 Theologo
1796 3291 1882 3357 scire
1900 3302 2019 3369 avent,
2039 3311 2162 3376 quern·

637 3422 718 3464 nam
749 3425 784 3469 se
824 3407 1040 3488 profiteatur.
1094 3402 1193 3490 Quod
1221 3405 1250 3469 si
1280 3427 1299 3471 e
1324 3424 1381 3471 me
1409 3403 1579 3470 sciscitare
1607 3407 1763 3492 gestitis,
1787 3407 1858 3473 Ab·
1880 3406 1977 3472 HH..!
2002 3409 2160 3492 equidem

638 3519 784 3604 ingenue
813 3525 999 3606 profitear;
1031 3545 1141 3610 neque
1162 3525 1269 3605 enim,
1293 3543 1373 3588 cum
1395 3544 1435 3588 ex
1457 3543 1553 3588 more
1574 3529 1745 3611 majorum
1766 3525 1902 3608 publice
1920 3527 1963 3591 ad
1979 3547 2039 3592 ros
2058 3525 2164 3592 verba

636 3646 748 3702 essent
791 3627 964 3714 iacienda,
999 3642 1125 3727 quihus
1156 3641 1359 3728 Theologiae
1389 3643 1425 3706 in
1454 3644 1517 3708 bac
1546 3641 1728 3710 Academia
1758 3645 1926 3712 docendae
1949 3645 2161 3730 provinciam

638 3753 850 3837 suspicarer,
869 3769 929 3824 aut
956 3760 1101 3842 tempori
1122 3771 1182 3824 aut
1197 3781 1359 3842 personae
1377 3780 1471 3825 meae
1491 3761 1659 3844 aptiorem
1681 3761 1793 3828 inveni
1811 3763 1943 3830 dicendi
1962 3763 2159 3838 materiam,

637 3887 741 3950 quam
769 3892 856 3955 quae
883 3876 953 3942 buc
977 3879 1136 3966 refertur.
1191 3875 1319 3958 Aperte
1347 3875 1454 3961 igitur
1484 3896 1600 3943 coram
1630 3877 1736 3960 Vobis
1762 3881 1896 3952 dicam,
1921 3880 2013 3962 quod
2031 3881 2159 3958 sentim

636 4007 678 4054 ne
693 3979 816 4058 tamen
840 4013 938 4060 aures
963 3998 1090 4082 arrigat
1108 3996 1309 4078 quisquam,
1328 4003 1370 4059 nt
1389 3995 1593 4076 quibusnam
1616 3993 1770 4077 partibus
1787 4015 1843 4058 ma
1859 3993 2042 4079 adjungam
2058 4017 2160 4061 corn-

640 4115 776 4187 pertum
808 4113 941 4180 habeat.
988 4115 1100 4181 Nullis
1131 4114 1223 4179 enim
1254 4112 1409 4177 addictus
1436 4135 1506 4178 esse
1534 4110 1632 4196 cupio
1644 4117 1659 4188 ,'
1686 4120 1788 4194 atque
1817 4121 1899 4177 utut
1930 4111 2061 4180 diversa
2088 4115 2160 4182 sint

637 4224 836 4313 hominum,
867 4231 903 4296 in
930 4233 1170 4298 consideranda
1193 4233 1437 4315 tractandoque
1467 4230 1673 4317 Theologia,
1711 4229 1847 4310 studia3
1880 4233 1945 4297 hoc
1972 4233 2059 4298 mibi
2081 4255 2159 4317 per-

638 4342 890 4412 suassissimum
911 4359 982 4424 est,
1008 4348 1043 4414 in
1075 4372 1114 4418 eo
1135 4351 1227 4436 quod
1246 4349 1380 4432 dicam,
1404 4372 1459 4417 me
1479 4359 1538 4416 vos
1562 4370 1681 4416 omnes
1698 4348 1900 4414 habiturum
1919 4371 1992 4416 esse
2017 4371 2159 4417 consen-2

638 4461 772 4530 tientes.
817 4464 1002 4532 Frustrane
1035 4441 1153 4552 igitur
1173 4467 1307 4543 dicam,
1340 4485 1629 4550 supervacaneum
1663 4466 1755 4532 eninr
1790 4469 1915 4536 merito
1943 4469 2089 4537 babetur
2122 4471 2160 4534 id

637 4577 765 4660 dicere,
797 4583 839 4648 de
867 4603 935 4668 quo
959 4605 1061 4652 nemo
1089 4582 1251 4650 dubitat?
1272 4581 1402 4650 Parcite
1425 4601 1563 4666 quaeso,
1582 4579 1673 4648 att
1704 4586 1831 4651 oratori
1851 4606 2018 4653 novorum
2037 4587 2155 4671 profe·

637 4699 822 4766 rendorum
845 4704 967 4784 insci03
992 4725 1054 4770 nec
1078 4713 1192 4768 tamen
1221 4711 1375 4786 repetere
1391 4710 1473 4766 nota
1492 4701 1674 4787 agnitaque
1697 4724 1833 4788 semper
1857 4714 1948 4769 caret
1966 4713 2156 4786 momento.

638 4812 710 4882 Non
730 4827 867 4887 tantum
887 4825 929 4890 ad
943 4823 1073 4890 animos
1093 4821 1339 4904 conciliandos,
1363 4819 1422 4885 sed
1442 4821 1483 4886 ad
1501 4818 1589 4904 ipsas
1611 4819 1714 4898 etiarn
1731 4821 1888 4890 scientias
1908 4823 2156 4908 provehendas,
