4956 6246
880 799 895 867 ,’
940 783 1257 874 ORATIO..
1441 859 1447 866 .
1783 811 1827 878 51

325 999 402 1068 ⁴iit
433 999 627 1072 nicetium
657 999 837 1084 permulta
852 1005 1026 1090 exempla
1062 1003 1196 1074 adferre
1230 1013 1400 1086 postem..
1430 1000 1674 1070 Recenticrum
1700 1011 1827 1074 etenim

309 1119 631 1199 mathematicorum
654 1111 767 1188 muitc
790 1131 827 1188 et
855 1121 977 1192 eriuria
997 1121 1128 1206 scripta
1143 1122 1430 1208 pretiosissimum
1454 1120 1671 1188 constituunt
1693 1123 1830 1190 thesau-

308 1259 409 1324 rum',
427 1240 649 1310 inventorum·
666 1239 920 1329 plenissimum,
932 1261 1019 1328 quae
1036 1241 1205 1310 statim'in
1224 1241 1353 1309 artium
1370 1242 1591 1315 commodum
1603 1241 1829 1320 transierunt,

310 1371 372 1428 aut
397 1381 492 1451 quae.
506 1363 551 1428 ad
568 1359 710 1430 meliora
732 1360 942 1430 instituendi
979 1381 1096 1430 amam
1127 1363 1304 1430 dederunt.
1350 1357 1416 1427 Sed
1434 1361 1547 1428 breuis
1561 1359 1646 1444 sim,
1675 1382 1713 1427 ac
1729 1361 1831 1430 modo

311 1483 351 1554 de
366 1480 829 1568 insignioribusqnibmdam
847 1491 1125 1548 commemorem.
1480 1491 1483 1498 '
1664 1541 1669 1550 .

351 1598 499 1668 iinoxrrr
524 1601 636 1690 igitur
656 1601 823 1670 nostittie
842 1601 943 1668 iilud
959 1601 1139 1688 inventum
1172 1621 1299 1686 quaeso
1314 1601 1581 1670 reminiscamini
1607 1600 1648 1670 A.
1666 1601 1709 1670 A.
1725 1599 1762 1684 S.¹
1778 1599 1829 1668 S.i

309 1739 376 1804 quo
400 1723 539 1787 nullum
562 1723 635 1806 ejus
662 1721 735 1787 sevi
756 1721 862 1788 fuerit
881 1720 1101 1806 praeclarius.
1147 1719 1285 1788 Etenim
1307 1742 1387 1788 cum
1405 1719 1511 1784 multi
1527 1729 1611 1785 ante
1632 1740 1714 1796 eum
1729 1719 1828 1784 frus·

310 1849 365 1907 tra
391 1849 598 1916 tentassent,
627 1841 794 1925 temporis
816 1840 1032 1924 a'equebilem
1058 1859 1217 1924 cursum,
1250 1847 1409 1906 rotarum
1430 1838 1620 1923 lentissime
1646 1839 1830 1908 circumac-

305 1967 425 2026 torum
440 1969 559 2037 motu,
580 1959 793 2026 exactissime
809 1957 939 2022 imitari
957 1966 993 2022 et
1010 1955 1127 2020 metiri
1142 1953 1297 2038 ,detegit
1318 1955 1394 2030 ilie,
1411 1964 1449 2019 et
1460 1955 1704 2048 mathematici
1722 1957 1831 2024 inres-

309 2077 473 2163 rigatione
489 2077 753 2156 denominavit,
765 2093 838 2158 quc
852 2073 990 2138 tandem
1002 2073 1121 2142 modo,
1141 2069 1210 2132 sive
1219 2090 1280 2150 per
1290 2071 1432 2151 penduli
1440 2070 1667 2156 ceciliationes
1678 2074 1829 2157 exiguas,

301 2197 383 2278 ¹sire
411 2197 516 2264 etiem
544 2193 741 2280 pertenuis
771 2186 960 2268 cirismatis,
987 2186 1024 2249 in
1053 2184 1192 2286 spiram.
1208 2187 1322 2263 ducti,
1359 2187 1586 2264 vibrationes,
1608 2188 1694 2274 ¹talis
1713 2189 1830 2258 motis

308 2311 520 2384 moderatio,
553 2323 655 2390 qnam
674 2313 805 2372 „vocant
841 2301 1131 2380 isochncnismou‚
1154 2303 1377 2382 (subsisterat.
1428 2300 1691 2391 Horciogiornm
1718 2306 1833 2392 itaque

298 2427 520 2508 &dimiono
548 2425 656 2513 magis
687 2418 858 2508 perfecti,
880 2419 1032 2486 subtilis
1058 2441 1177 2487 eorum
1206 2433 1243 2488 et
1268 2423 1434 2508 epmcinna
1457 2425 1668 2492 constructio
1690 2429 1831 2493 maximi

300 2547 412 2614 ‚flebat
440 2544 620 2612 momenti.
664 2541 795 2608 Herum
823 2539 1061 2606 machinarum
1083 2542 1397 2625 comparationum
1419 2543 1594 2629 principiis
1614 2546 1829 2631 geometricis

306 2677 343 2733 et
361 2647 563 2732 mechanicis
581 2665 770 2738 niteretur,
791 2661 1002 2747 major'artis
1028 2661 1153 2746 peritia
1171 2681 1240 2728 non
1256 2663 1381 2741 modo,
1401 2664 1461 2729 aed
1477 2663 1829 2749 disciplinaqueedcm

304 2794 341 2852 et
368 2785 511 2850 scientia
540 2781 782 2850 mathematica
813 2779 1110 2858 desiderabantur,
1147 2791 1189 2848 ut
1214 2781 1280 2866 ipsi
1303 2782 1451 2850 artifices
1477 2792 1590 2853 essent
1621 2781 1830 2868 peritissimi.

300 2899 384 2986 ,Quo
415 2903 547 2969 iactum
578 2911 655 2980 cst,
681 2908 721 2966 nt
751 2907 902 2984 postea,
923 2908 958 2964 et
984 2899 1169 2983 antequam
1191 2873 1430 2968 machinarum
1449 2905 1755 2988 comparandarum
1775 2925 1828 2968 ers

305 3022 454 3087 maxime
482 3032 571 3088 esset
598 3022 767 3105 perfecta,
798 3017 853 3082 illi
871 3017 1038 3095 artifices,
1061 3039 1143 3104 prae
1163 3021 1258 3096 aiiis,
1283 3031 1547 3105 quaererentur,
1563 3021 1636 3122 ¹nisi
1657 3021 1829 3108 ingeniosa

302 3141 474 3225 quaedam
505 3137 542 3205 s't
564 3138 701 3204 subtilis
728 3138 950 3204 ordinationis
978 3139 1136 3205 machina
1159 3151 1247 3212 'esset
1272 3142 1501 3228 comparanda
1526 3145 1827 3209 etconstruenda.

306 3257 374 3326 sio.
395 3283 430 3328 v.
452 3285 483 3347 g.
508 3263 692 3346 pleraeque
709 3260 787 3324 iilaa
806 3259 1093 3346 ingeniosissimee
1112 3271 1325 3340 structurae,
1349 3281 1436 3346 quae
1456 3263 1498 3325 ad
1521 3261 1667 3326 stamina
1677 3260 1830 3325 ducende

303 3371 567 3464 subtemineque
591 3381 721 3456 nenda,
751 3381 793 3444 ad
816 3380 902 3445 teias
928 3379 1103 3464 terendas,
1122 3391 1300 3468 ceteraque
1323 3381 1510 3469 ejusmodi,
1529 3379 1738 3450 inserviunt.
1760 3381 1828 3446 ior·

305 3506 394 3564 tasse
427 3500 519 3563 haud
550 3499 598 3564 ita
629 3492 848 3583 perfectiorea'
875 3500 1080 3576 existerent,
1114 3501 1180 3568 nisi
1207 3504 1325 3569 adeas
1349 3501 1612 3585 comparandas,
1639 3503 1825 3566 eorundem
1875 3541 1882 3550 -

308 3617 479 3682 artificum
508 3609 640 3705 ingenia
670 3629 704 3684 et
733 3619 882 3684 subsidia
908 3616 1133 3704 inpromptu
1159 3619 1315 3687 inissent.
1358 3621 1477 3705 ltaque
1503 3619 1592 3684 iliud
1619 3639 1754 3684 arcessi
1773 3619 1828 3683 in-

308 3741 472 3810 venturn,
499 3729 542 3800 ad
567 3737 740 3803 artificum
767 3729 904 3822 ingenia·
928 3734 1127 3812 excolenda,
1158 3739 1355 3823 artiumque
1384 3739 1495 3805 varios
1524 3759 1605 3803 usus
1638 3739 1826 3823 augendos,

306 3851 455 3915 maxime
474 3853 641 3917 ‘contulit
1489 3854 1492 3862 ’

351 3965 613 4052 Horologicrum
641 3972 811 4036 ordinatio
838 3983 873 4035 et
903 3961 1131 4052 comparatio,
1165 3971 1316 4056 itemque
1346 3967 1575 4048 constructio,
1609 3982 1751 4056 propter
1770 3978 1826 4038 iu-

306 4089 435 4174 signem
473 4087 509 4151 in
548 4085 755 4152 astronomii
779 4095 814 4151 et
839 4087 874 4150 in
902 4089 1042 4171 physici
1068 4109 1187 4164 usum,
1218 4088 1468 4153 mathematicis
1498 4087 1633 4173 semper
1659 4095 1825 4164 maximae
1865 4137 1868 4144 ,

301 4197 462 4271 sumunt
480 4223 590 4270 curae.
637 4203 708 4270 Hac
737 4204 857 4290 igitur·
870 4203 920 4266 in.
933 4209 1055 4288 parte,
1073 4205 1185 4269 simul
1215 4221 1294 4268 cum
1314 4204 1502 4272 artificibus
1514 4240 1529 4282 ,⁴
1542 4211 1696 4276 muitum
1716 4197 1827 4280 elabo-

303 4333 449 4406 rarunt,
476 4332 511 4388 et
541 4324 583 4386 ad
614 4343 690 4395 eom
715 4320 1227 4406 perficiendam,·cmnibususi
1249 4334 1331 4389 sunt
1355 4326 1562 4421 adjumentis
1582 4321 1653 4394 sive
1672 4330 1822 4410 auxiliis,

303 4459 393 4527 quoe
422 4449 498 4505 tum
524 4441 596 4526 iper
611 4459 687 4518 ars,
710 4443 908 4510 tumetium
927 4435 1124 4529 disciplinas
1143 4435 1405 4511 mathematicae
1422 4448 1639 4531 praebebant.
1666 4449 1826 4538 Qareeque

303 4564 341 4626 in
366 4561 542 4629 remotiori
571 4564 645 4628 loco
672 4573 769 4630 erant
794 4564 925 4649 posita,
954 4575 1124 4650 uniquus
1156 4583 1297 4649 prorsus
1315 4564 1485 4642 latebant,
1517 4568 1673 4655 diligenti
1688 4591 1823 4656 perves-

306 4681 487 4766 tigatione.
513 4665 570 4759 et,
598 4680 657 4744 uhi
681 4699 766 4765 opus
794 4671 1135 4759 semicremis
1163 4669 1424 4768 experimentis,
1459 4686 1609 4753 adducta
1630 4697 1665 4755 et
1686 4702 1823 4775 reperta

306 4809 400 4868 sunt.
447 4801 534 4872 fitne
563 4811 618 4870 et.
635 4795 740 4888 ipim·
756 4790 956 4895 disciptinae
987 4791 1255 4876 'mithsmaticce
1287 4823 1451 4890 magnum
1479 4817 1680 4893 receperunt
1706 4810 1820 4874 incre-
