4918 6254
640 754 685 818 88
1269 747 1538 818 oaarlo

647 951 860 1020 Francorum
896 947 1100 1034 tyrannide,
1130 971 1211 1018 cnm
1236 953 1369 1021 civibus
1407 952 1553 1041 Heganis
1585 945 1872 1042 etheideusibus
1912 954 2175 1040 conjunxerunt.

644 1071 785 1143 Dicant,
813 1085 923 1152 quum
947 1066 1119 1153 Napoleon
1142 1072 1212 1138 llra
1229 1073 1322 1137 clam
1339 1073 1480 1150 relicta,
1510 1071 1553 1138 ab
1576 1071 1638 1136 illa
1665 1067 1905 1136 dominationis
1929 1090 2005 1138 aroc
2025 1069 2175 1142 Parisios

646 1185 834 1273 pristinum
862 1184 961 1252 nobis
989 1187 1134 1254 dedecus
1163 1187 1421 1267 meditabatur,
1467 1190 1525 1274 qui
1555 1187 1685 1278 partim
1721 1186 1759 1252 in
1797 1185 2002 1254 exercitibus
2028 1192 2174 1270 nostris,

644 1305 774 1389 partim
796 1325 876 1371 suae
897 1301 964 1370 sibi
982 1307 1132 1372 cohortis
1158 1306 1261 1384 socii,
1289 1308 1332 1372 ad
1352 1326 1448 1374 arma
1469 1311 1706 1376 convolarunt.

693 1422 771 1488 Dies
794 1421 998 1490 Waterlons
1018 1424 1214 1494 uniuersam
1237 1425 1386 1512 patriam
1411 1427 1533 1515 gaudio
1562 1423 1692 1511 ingenti
1709 1423 1868 1507 replerit.
1915 1422 2037 1489 Leidae
2057 1435 2174 1500 erant,

648 1540 784 1626 quibus,
805 1540 894 1607 illud
921 1543 1083 1629 gaudium
1118 1546 1237 1611 dolore
1267 1547 1415 1632 quodam
1446 1547 1670 1614 minneretur,
1699 1543 1792 1627 quod
1819 1560 1889 1606 non
1923 1539 2174 1610 interfuissent.

649 1657 829 1728 Steterunt
852 1671 968 1728 tamen
987 1665 1030 1728 ad
1056 1661 1263 1730 Valcnoenas
1286 1675 1322 1731 et
1345 1662 1541 1740 Gondeum,
1568 1671 1604 1729 et
1624 1659 1753 1726 milites
1779 1657 2020 1744 Napoleontei,
2041 1681 2077 1724 se
2109 1681 2173 1743 pro

648 1782 746 1848 victis
767 1781 886 1848 haberi
900 1783 1129 1870 indignantes,
1156 1781 1312 1865 iramque
1333 1790 1368 1847 et
1394 1782 1582 1848 vindictam
1605 1765 1791 1865 spirantes,
1815 1774 1981 1843 vexillum
2002 1779 2172 1863 juvenum

587 1909 589 1912 ’
647 1895 931 1966 Academicorum
948 1899 1121 1984 adspicere
1138 1906 1316 1982 poteraut.

691 2016 759 2082 Vos
783 2017 906 2094 dicite,
939 2017 1063 2102 optimi
1091 2027 1126 2083 et
1152 2018 1289 2104 ingenui
1309 2017 1562 2090 adolescentes,
1592 2015 1653 2098 qui
1675 2035 1707 2079 a.
1727 2009 1998 2088 MDCCCXXX,
2019 2032 2089 2096 qao
2107 2013 2172 2078 viri

648 2136 791 2212 armati,
818 2145 995 2219 tamquam
1015 2137 1138 2202 iratres
1155 2134 1315 2214 Cadmei,
1344 2145 1448 2220 partu
1468 2134 1587 2200 subito
1610 2153 1651 2198 ex
1673 2129 1800 2198 tellure
1823 2124 2011 2192 Neerlanda
2026 2127 2175 2210 effunde·¹

647 2255 794 2331 bantur,
814 2255 923 2322 vitam
944 2252 1183 2322 Andaniam
1198 2276 1278 2322 cnm
1294 2253 1440 2322 militari
1459 2254 1509 2320 ita
1529 2263 1632 2338 atque
1650 2250 1741 2314 intra
1759 2263 1885 2331 pausos
1902 2241 1983 2313 dies
1993 2244 2172 2320 mutastis,

647 2383 688 2437 ut
722 2375 811 2438 hanc
852 2393 957 2440 mnos
991 2373 1101 2460 egisse
1138 2374 1351 2441 videremini.
1406 2370 1481 2440 Non
1507 2381 1581 2439 erat
1613 2360 1873 2455 praedicationis
1915 2360 2172 2448 nobilitatisque

651 2492 837 2576 cupiditas,
861 2515 950 2580 qnae
965 2503 1104 2578 pectora
1129 2504 1242 2560 vestra
1264 2492 1512 2558 inflammabat.
1557 2489 1679 2556 Melior
1700 2494 1735 2551 et
1759 2480 1908 2547 sanctior
1927 2479 2015 2566 ignis
2031 2481 2173 2550 intimos

648 2632 766 2676 sensus
779 2622 814 2677 et
831 2612 1001 2679 medullas
1019 2611 1154 2694 penitus
1168 2609 1386 2693 permeabat.
1410 2629 1507 2674 amor
1534 2607 1595 2673 ille
1618 2603 1766 2690 patriae,
1789 2619 1894 2683 quem
1911 2598 2007 2663 domi
2029 2599 2172 2683 quisque

648 2747 727 2793 cum
745 2738 904 2794 materno
923 2729 1012 2793 lacte
1029 2737 1230 2813 acceptum,
1246 2726 1283 2791 in
1305 2725 1398 2793 felici
1417 2727 1483 2793 hoc
1507 2724 1604 2791 urbis
1625 2733 1660 2791 et
1679 2721 1882 2792 Academiae
1907 2719 2015 2805 fundo
2030 2720 2172 2788 aluistis.

689 2843 735 2910 Et
760 2845 838 2929 quie
872 2852 1027 2911 restrum
1056 2845 1119 2912 tali
1149 2854 1317 2929 tempore·
1339 2845 1489 2928 patriam
1527 2863 1597 2908 non
1634 2841 1809 2908 habuisset
1839 2839 2082 2922 carissimam,
2104 2861 2172 2904 non

645 2961 679 3024 in
710 2970 827 3027 mente
859 2971 895 3027 et
922 2962 1031 3026 oculis
1065 2962 1223 3046 tulisset,
1257 2961 1364 3030 uitam
1398 2961 1429 3028 ei
1464 2960 1662 3044 impendere
1696 2979 1765 3025 non
1800 2960 1901 3024 dulos
1936 2967 1972 3024 et
2011 2958 2172 3024 decorum

646 3078 825 3166 putasset?
858 3078 1102 3154 Meminimus,
1147 3077 1290 3164 etquis
1327 3096 1479 3163 unquam
1518 3077 1759 3154 obliviscetur,
1796 3074 2017 3142 meminimus
2046 3095 2169 3151 annos,

645 3221 801 3275 menses,
829 3197 917 3292 dies,
944 3199 1057 3265 horas.
1103 3192 1189 3274 Sed,
1227 3196 1288 3262 ubi
1312 3217 1408 3263 arma
1435 3206 1517 3264 sunt
1546 3197 1715 3282 deposita,
1743 3197 1784 3262 de
1834 3195 1937 3262 rebus
1971 3203 2049 3260 anta
2088 3197 2172 3262 actis

646 3315 748 3380 silere
793 3317 942 3391 bonum,
983 3317 1109 3382 saltem
1142 3318 1335 3382 humanum
1372 3326 1447 3393 est,
1481 3325 1517 3384 et
1552 3315 1718 3384 hodierna
1747 3315 1890 3382 comitas
1932 3313 1982 3380 ita
2006 3317 2171 3397 postulat.

645 3429 730 3497 Erat
759 3439 875 3499 umen
902 3432 938 3497 in
976 3433 1248 3513 consideratum,
1281 3443 1354 3501 tam
1393 3434 1462 3501 leri
1493 3436 1547 3501 rel
1578 3434 1694 3520 potius
1729 3438 1829 3502 nulla
1862 3435 1903 3500 de
1927 3455 2028 3500 causa
2056 3443 2166 3502 tantos

643 3552 809 3616 clamores
828 3551 963 3617 tollere.
1004 3546 1071 3618 Sed
1084 3551 1284 3619 inimicitiae
1310 3560 1499 3619 cessarunt.
1530 3551 1615 3618 Erat
1639 3563 1756 3620 tamen
1779 3553 1947 3639 injustum
1969 3573 2008 3617 ea
2030 3551 2168 3620 licentia

642 3671 798 3754 grassaris
843 3667 908 3737 Sed
939 3683 1016 3754 pax'
1034 3671 1135 3738 bodie
1174 3681 1227 3738 est
1263 3691 1343 3738 cum
1377 3671 1465 3738 istis.
1509 3670 1594 3739 Erat
1630 3681 1747 3740 tamen
1781 3671 1947 3758 impium,
1981 3669 2110 3757 Regem
2135 3681 2171 3738 et

635 3791 811 3873 populum
825 3791 877 3855 sie
910 3789 1052 3869 babere,
1081 3811 1168 3875 quos
1195 3789 1333 3856 habere
1349 3799 1508 3874 poterant
1544 3811 1584 3856 ac
1608 3790 1779 3858 debebant
1807 3799 1941 3875 patrem
1964 3809 2006 3854 ac
2036 3789 2168 3856 iratres.

640 3903 705 3972 Sed
728 3904 909 3973 Neerlandi
927 3906 1230 3994 'ealblgaehodie
1252 3929 1375 3976 sumus
1398 3911 1453 3981 rel
1477 3920 1570 3976 certe
1593 3911 1715 3978 tiernus
1730 3909 1845 3978 amici.
1893 3907 1986 3982 Sed,
2014 3919 2169 3975 auctores

633 4021 848 4096 turbarum,
863 4026 1146 4123 aucteresdico,
1161 4026 1446 4104 cornmbesnnt,
1466 4049 1539 4114 quc
1560 4031 1629 4100 sol,
1651 4025 1818 4112 quamdiu
1837 4034 2021 4092 ¹terrarum
2033 4033 2036 4040 '
2049 4027 2168 4094 orbem

642 4136 853 4214 illustrauit,
868 4137 961 4202 nihil
980 4159 1134 4225 unquam
1152 4143 1249 4210 'vidit
1263 4144 1459 4234 indignius,
1482 4149 1574 4235 quod
1587 4165 1657 4214 non
1669 4145 1812 4218 scaldo.
1835 4165 1906 4225 non
1923 4145 1996 4231 ipse
2014 4143 2167 4216 Oceanus

644 4253 726 4318 totis
745 4253 909 4320 fluctibus
937 4258 1042 4338 eluet.
1484 4253 1485 4256 '
1771 4341 1778 4356 ·
1814 4320 1821 4338 ,
1918 4273 1922 4282 ’

688 4373 762 4440 Tali
781 4375 1034 4460 tempore.qnid
1050 4377 1193 4464 quisque
1215 4380 1380 4468 sentiret,
1399 4383 1472 4469 ipse
1489 4381 1620 4469 optim
1635 4384 1758 4460 norit,
1781 4403 1877 4452 amor
1897 4396 2014 4454 autem
2038 4383 2169 4470 patriae

648 4504 698 4559 ot¹
711 4494 901 4582 indignatio
933 4497 1146 4580 inperabant.
1192 4497 1306 4586 Atque
1335 4501 1392 4566 bio
1418 4501 1521 4570 stiam
1552 4502 1736 4588 apparuit,
1768 4513 1876 4587 quam
1909 4505 2000 4570 mala
2032 4503 2171 4572 consilia

648 4615 903 4682 consultoribus
930 4616 1003 4682 sint
1030 4617 1188 4702 pessima.
1233 4615 1302 4686 Nos
1332 4620 1473 4708 qnidam
1504 4619 1555 4689 ita
1579 4622 1710 4690 luimus
1741 4623 1902 4706 probati,
1931 4631 1986 4690 ut·
2004 4641 2071 4688 non
2100 4620 2166 4686 sit.

646 4734 738 4816 qood
756 4737 865 4803 nostri
881 4737 946 4816 ¹iro‘s'
961 4737 1110 4817 nominis
1132 4736 1276 4820 pudeat.

688 4853 729 4918 ln
746 4874 814 4940 qua
832 4877 869 4924 re
889 4877 974 4943 quas
995 4853 1133 4944 egeritis
1146 4865 1279 4941 partes,
1297 4873 1408 4942 nsque
1425 4866 1539 4928 vestra
1553 4855 1844 4945 modestia'naqne
1864 4876 1941 4926 mea
1959 4853 2169 4924 consuetodo

643 4989 699 5042 me
729 4994 897 5060 exponere
914 4977 1129 5062 'patientum
1171 4973 1279 5064 Spem
1298 4986 1335 5045 et
1356 4976 1648 5068 erepectaticnatn
1674 4985 1851 5055 nnana.
1885 4975 2014 5052 dueum
2035 4981 2169 5048 vesus
