4918 6254
612 743 783 866 surm
820 795 1123 865 uovuauuv
1158 795 1500 866 ruentium.
1784 805 1828 869 ss

308 1017 407 1073 rum,
429 998 538 1084 regis,
552 1000 702 1084 patriae,
727 997 883 1068 omnium
911 1003 1057 1079 vicistis,
1081 1025 1286 1089 causamque
1313 1006 1413 1090 longe
1426 997 1717 1085 pulcherrimam,
1741 1023 1828 1086 quae

307 1095 371 1197 pre
389 1115 456 1181 aris
474 1117 647 1200 focisque,
669 1141 733 1204 pro
747 1122 928 1198 libertate,
951 1143 1013 1206 pro
1031 1125 1158 1188 tuenda
1171 1127 1341 1210 majorum
1364 1122 1613 1189 existimatione
1634 1129 1827 1206 gereretur,

306 1234 470 1320 sanguine
493 1246 528 1301 et
551 1237 620 1302 vita
650 1238 918 1304 consecravistis.
964 1237 1067 1306 Macti
1100 1249 1226 1316 estote,
1255 1239 1379 1327 egregii
1410 1243 1573 1325 juvenes,
1598 1238 1664 1302 ista
1689 1235 1829 1304 virtute.

309 1351 500 1418 Mercedem
522 1355 790 1439 pulcherrimam
810 1355 906 1422 vobis
921 1358 993 1442 jam
1008 1356 1175 1424 dederunt
1190 1357 1344 1442 primum
1357 1356 1463 1423 vestri
1484 1374 1598 1421 mores
1612 1362 1648 1420 et
1660 1353 1830 1418 conscien-

308 1471 376 1548 tia,
404 1480 480 1536 tam
504 1483 599 1558 grata
617 1477 781 1558 rependet
808 1477 1005 1559 posteritas,
1031 1488 1066 1543 et
1087 1478 1226 1542 nomina
1247 1487 1361 1544 vestra
1385 1478 1569 1560 conjunget
1589 1492 1668 1538 cum
1685 1471 1831 1536 nomini-

307 1590 371 1654 bus
391 1613 528 1674 eorum,
554 1595 614 1678 qui
635 1595 726 1661 diem
748 1593 845 1680 Regis
869 1599 1020 1662 natalem
1041 1598 1107 1661 isto
1127 1617 1216 1662 anno
1232 1595 1400 1661 Bruxellis
1425 1591 1635 1662 celebraturi
1667 1590 1831 1666 fuissent,

306 1707 370 1772 nisi
397 1711 566 1777 exercitus
593 1712 822 1797 potentissimi
854 1712 942 1798 regis
970 1713 1005 1776 in
1034 1711 1194 1796 Europa,
1225 1712 1454 1790 Francorum,
1490 1712 1701 1798 quibuscum
1729 1708 1826 1773 nobis

306 1827 435 1892 bellum
456 1849 524 1894 non
549 1840 640 1908 erat,
673 1851 815 1896 cursum
834 1830 1058 1895 victoriarum
1082 1829 1238 1895 stitisset.

350 1941 462 2010 Multa
492 1946 632 2012 interim
664 1949 812 2013 accidere
840 1946 935 2010 dictu
970 1945 1163 2020 mirabilia,
1195 1947 1260 2011 hoc
1282 1943 1458 2028 inprimis:
1491 1943 1587 2008 Intra
1613 1944 1732 2008 decem
1760 1940 1830 2004 dies

304 2061 491 2127 maximam
502 2063 608 2150 Belgii
619 2075 754 2148 partem
776 2083 855 2128 curn
874 2063 1079 2129 exercitibus
1096 2064 1223 2129 nos-tris
1252 2063 1435 2147 pugnando
1451 2061 1609 2143 cepistisa
1626 2061 1743 2125 decem
1754 2080 1833 2141 pro-

303 2180 488 2261 pemodum
516 2181 594 2244 anni
616 2181 652 2244 in
680 2181 910 2263 componenda
936 2201 1017 2262 pace
1038 2180 1223 2262 perierunt.
1248 2174 1470 2265 'Composita
1500 2187 1563 2243 est.
1609 2173 1679 2240 ilex
1701 2176 1828 2241 volun-

307 2296 409 2360 tarios
428 2297 580 2371 dimisit,
604 2315 791 2379 eorumque
814 2297 940 2361 vexilla
954 2297 1003 2360 ibi
1024 2301 1143 2382 reponi
1172 2300 1296 2386 jussit,
1320 2297 1380 2362 ubi
1402 2294 1568 2361 memoria
1584 2303 1700 2360 tantae
1720 2291 1832 2358 laudis

304 2415 452 2477 maxima
480 2433 559 2476 cum
586 2411 751 2498 dignitate
775 2427 1043 2480 conservaretur.
1092 2414 1199 2504 Cujus
1216 2418 1265 2482 rei
1292 2427 1332 2481 ut
1350 2425 1454 2482 testes
1480 2414 1617 2491 essetis,
1650 2435 1710 2480 vos
1729 2414 1829 2480 hodie

305 2531 339 2593 in
356 2532 443 2595 hanc
460 2530 578 2596 aedem
597 2532 867 2598 convocavimus.
913 2529 1004 2617 Ergo
1032 2533 1185 2617 primurn
1205 2521 1321 2602 audite
1340 2533 1545 2601 sententiam
1569 2534 1697 2600 decreti
1718 2532 1828 2620 Regii:

254 2854 256 2862 Α
351 2762 588 2842 Guilc'elmuc,
632 2769 701 2834 Dei
741 2773 868 2858 gratia
907 2769 981 2836 Rea
1015 2767 1328 2856 Nesrlandiurum,
1378 2771 1545 2856 Princeps
1586 2770 1758 2836 Aramaua
1795 2779 1827 2832 st

304 2877 508 2970 Nemetae,
538 2887 692 2976 Magnus
718 2889 803 2953 Dite
832 2888 1069 2994 [aremburgi
1080 2939 1089 2976 ‚
1120 2903 1203 2958 caet.

345 3122 647 3210 Quandoquidem,
676 3148 785 3212 quum
813 3129 866 3193 die
894 3124 1097 3194 doctobris
1126 3129 1213 3195 18³0
1242 3131 1286 3195 ad
1319 3150 1416 3196 arma
1450 3128 1675 3203 vocabamus,
1709 3127 1826 3214 ingens

309 3241 576 3312 Neerlandorum
613 3249 804 3314 multitudo
840 3247 960 3313 ardore
987 3246 1151 3313 inusitato
1193 3259 1228 3316 et
1270 3249 1393 3314 eximia
1428 3249 1515 3326 fide,
1556 3246 1686 3314 relictis
1728 3246 1828 3323 focis,

304 3365 489 3430 voluntarii
526 3369 569 3431 ad
612 3377 764 3434 nostram
799 3368 1040 3434 auctoritatem
1070 3368 1230 3433 tuendam
1265 3371 1307 3434 et'
1327 3367 1553 3434 defendendos
1587 3365 1672 3430 lines
1701 3362 1828 3447 patrios

302 3481 560 3560 confluxerunt,
585 3483 679 3568 iique
706 3487 912 3563 voluntarii,
936 3487 1037 3555 rebus
1063 3487 1226 3566 mutatis,
1253 3491 1327 3575 jam
1354 3489 1397 3553 ab
1421 3488 1525 3552 armis
1556 3487 1657 3568 plane
1693 3481 1823 3546 dimitti

303 3609 465 3680 possunt,
502 3601 662 3666 omnibus
698 3622 762 3686 pro
789 3623 950 3688 generosa
981 3599 1020 3667 ic
1051 3602 1160 3668 nobili
1188 3625 1289 3688 opera
1322 3603 1449 3692 gratias
1481 3604 1616 3689 agimus
1648 3601 1828 3666 solemnes.
1913 3577 1919 3592 ⁸

301 3709 436 3778 Vexilla
464 3715 731 3783 adolescentium
760 3715 1040 3783 Academicorum
1073 3732 1305 3804 reponentur,
1340 3723 1400 3787 ubi
1418 3721 1601 3788 Curatores
1622 3729 1660 3784 et
1685 3715 1827 3783 Senatus

301 3828 521 3896 Academicus
540 3831 590 3895 rei
606 3831 691 3897 bene
706 3843 818 3918 gestae
839 3835 1040 3898 memoriam
1061 3839 1132 3900 fore
1156 3858 1259 3919 quam
1277 3839 1659 3904 honorificentissimam
1686 3835 1828 3901 arbitra·
1886 3903 1890 3914 ,

210 3995 211 4000 1
304 3951 446 4014 buntur.
492 3945 605 4034 flagae
624 3949 792 4016 comitum
813 3949 867 4016 die
887 3947 936 4014 xl
953 3947 1044 4014 lunii
1064 3971 1094 4014 a.
1121 3951 1224 4034 leta,
1240 3954 1466 4040 regnifnostri
1485 3951 1648 4041 vigesimo
1664 3964 1772 4022 sexto.
1786 3989 1829 4004 -

347 4183 460 4270 Quare
485 4193 621 4249 senatus
657 4183 892 4268 amplissimus
930 4185 1057 4251 vexillo
1090 4196 1205 4254 vestro
1249 4192 1449 4257 senaculum
1483 4189 1683 4258 Academiae
1714 4191 1828 4259 Mem

303 4303 546 4370 destinavimus
580 4314 793 4388 perpetuam.
864 4301 964 4391 Quod
999 4303 1106 4392 igitur
1143 4303 1181 4372 B.
1222 4305 1261 4374 F.
1300 4306 1340 4375 F.
1372 4307 1415 4399 Q.
1450 4307 1485 4377 S.
1552 4309 1570 4375 1
1601 4310 1762 4398 signifer,
1793 4320 1830 4379 et

304 4421 568 4492 Pro-Rectorem
597 4421 817 4511 Magnificum
841 4443 994 4508 sequere.

982 4631 1159 4666 Ρ--Ψ

346 4767 491 4838 Factum
528 4783 598 4850 est,
638 4771 821 4842 Curatores
857 4779 1080 4865 amplissimi,
1112 4801 1241 4870 vosque
1269 4781 1476 4856 Professores
1505 4788 1703 4865 clarissimi,
1733 4787 1826 4872 qnod

302 4881 534 4962 demamus.
572 4887 717 4959 Executi
732 4913 853 4962 sumus
875 4898 1053 4978 decretum
1072 4897 1236 4990 Regium,
1258 4923 1317 4984 eo,
1338 4925 1441 4993 quem
1463 4929 1526 4975 nos
1542 4919 1580 4978 et
1597 4910 1824 4977 adolescentes

1444 5025 1483 5108 M
