4956 6246
313 2021 383 2118 Est
410 2051 492 2115 haec
520 2060 721 2134 temporum
750 2058 970 2122 nostrorum,
1002 2045 1221 2130 Theologiam
1242 2046 1335 2129 quod
1349 2048 1494 2122 attinet,
1516 2049 1680 2126 felicitas,
1700 2062 1740 2116 ut
1762 2051 1835 2135 ipsa

314 2175 349 2232 et
375 2166 501 2231 merito
524 2165 615 2230 inter
639 2163 796 2228 scientias
813 2163 1052 2244 doctrinasque
1073 2161 1240 2226 recenseri
1261 2171 1297 2226 et
1315 2160 1424 2227 libere
1442 2161 1506 2226 coli
1524 2163 1700 2249 ercolique
1719 2167 1836 2250 possit.

313 2279 413 2367 Quod
441 2265 470 2343 'a
507 2297 564 2344 me
594 2277 783 2359 praedicari
813 2296 916 2341 nemo
941 2257 1124 2365 quisquem
1153 2275 1353 2361 mirabitur,
1381 2280 1441 2363 qui
1475 2282 1702 2364 reputaverit,
1733 2303 1836 2366 quam

312 2408 427 2466 arctus
446 2396 507 2461 ,ait
537 2397 628 2460 inter
664 2403 854 2478 utrumque
875 2393 981 2494 ,quod
1007 2394 1155 2460 diximus
1196 2416 1314 2462 naus.
1361 2393 1498 2466 Scilicet
1521 2401 1633 2467 deluit
1657 2423 1836 2489 nunquam

312 2513 515 2599 Theologiee
540 2513 647 2576 honos
677 2531 760 2588 suus
793 2519 828 2578 et
859 2511 956 2575 locus
982 2509 1018 2574 in
1038 2509 1216 2596 republica
1236 2511 1419 2592 Literarie,
1443 2515 1614 2583 imovero
1634 2521 1836 2606 antegressis

311 2633 524 2718 temporibus
552 2625 788 2717 principatum
813 2625 873 2693 diu
908 2627 1082 2706 obtinuit,
1113 2639 1218 2714 atque
1246 2631 1299 2697 uti
1328 2633 1411 2698 alibi
1443 2633 1492 2700 ite
1512 2633 1548 2699 in
1570 2637 1761 2704 Academiis
1779 2639 1838 2706 Pa·

315 2752 413 2830 triis,
441 2751 476 2816 in
499 2753 563 2816 hcc
586 2749 659 2835 ipsa
682 2749 813 2832 inclyta
830 2745 1073 2825 universitate,
1098 2746 1226 2815 civium
1245 2748 1462 2816 Leidensium
1479 2752 1558 2818 fidei
1575 2764 1610 2820 et
1625 2754 1836 2821 fortitudinis

310 2877 536 2936 monumento
562 2887 637 2932 aere
666 2865 886 2950 perenniore,
912 2863 955 2928 ob
981 2863 1080 2930 initio
1103 2863 1183 2930 inde
1207 2865 1396 2932 celsissimo
1421 2871 1499 2933 loco
1523 2868 1654 2952 posite.
1674 2871 1839 2936 domina-

227 3055 236 3070 ·
312 2986 415 3052 batur
445 2985 515 3052 lere
543 2994 578 3051 et
599 2983 692 3049 baud
726 3003 851 3067 paucas
884 2983 965 3048 aliae
992 3004 1011 3048 e
1039 2981 1216 3048 Musarum
1245 2984 1349 3049 choro
1380 2985 1554 3052 ministras
1583 3009 1682 3065 suas,
1712 2989 1741 3054 si
1769 3010 1837 3055 non

310 3105 468 3180 ancillae,
500 3103 659 3170 habebat.
715 3099 763 3167 At
789 3101 863 3186 ipsa
892 3103 975 3167 haec
1005 3098 1190 3166 celsissima
1219 3101 1373 3175 domina,
1408 3101 1484 3168 aliie
1512 3104 1596 3169 dum
1622 3105 1834 3191 imperabat,

312 3223 366 3287 sui
389 3195 475 3307 {uris
500 3243 573 3288 esse
594 3221 652 3287 rix
679 3219 747 3284 dici
769 3228 924 3305 poterat,
952 3217 1080 3304 quippe
1101 3216 1203 3285 certis
1222 3216 1354 3286 inclusa
1370 3219 1517 3297 linibus,
1540 3241 1558 3286 e
1579 3220 1704 3305 quibua
1723 3226 1838 3312 egredi

200 3325 223 3350 ⁸
310 3321 404 3405 baud
423 3339 566 3418 licebat3
597 3360 719 3428 regum
746 3339 993 3407 nonnullorum
1014 3336 1158 3414 similis,
1188 3336 1249 3423 qui
1268 3359 1442 3404 summum
1461 3349 1671 3424 potestatem
1696 3342 1731 3406 in
1750 3343 1835 3409 alios

310 3467 525 3532 exercentes.
550 3461 723 3528 tritorum
748 3477 887 3523 morum
913 3454 1271 3542 consuetudinumque
1299 3459 1389 3524 servi
1409 3465 1507 3523 erant
1525 3456 1602 3542 ipsi.
1648 3457 1720 3537 Sic,
1741 3470 1836 3526 arcto

251 3653 257 3662 .
311 3577 569 3664 circumscripte
596 3581 707 3664 spatio
731 3589 767 3646 et
789 3561 903 3642 ferreo
923 3573 1115 3640 formarum
1133 3573 1240 3640 lorica
1255 3574 1484 3660 circumdata,
1508 3578 1699 3646 difficulter
1713 3600 1748 3645 se
1763 3597 1837 3644 mo-

312 3692 438 3771 rebat,
470 3705 505 3760 at
528 3697 612 3762 dom
637 3692 921 3766 aliae.doctrinae
944 3707 1063 3757 omnes
1088 3711 1289 3778 progressus
1313 3693 1349 3757 in
1370 3695 1441 3763 dies
1461 3696 1650 3774 iaciebant,
1674 3699 1758 3762 baec
1774 3717 1836 3762 suo

311 3810 387 3874 iere
416 3810 492 3874 loco
519 3811 702 3877 consistere
729 3810 934 3887 ridebatur,
970 3817 1074 3890 atque
1097 3808 1148 3872 uic
1172 3796 1228 3873 ¹vix
1255 3810 1404 3876 scientiis
1430 3829 1508 3878 rere
1532 3814 1579 3878 ita
1606 3811 1707 3878 dictis
1731 3833 1838 3878 annu·

309 3926 436 3992 mereri
465 3936 622 4007 poterat,
656 3927 784 4013 quippe
811 3939 974 4010 querum·
989 3931 1040 3988 est
1073 3921 1234 3988 continue
1261 3923 1487 4009 progredi-ad
1510 3931 1675 4015 majorem
1700 3931 1837 4014 periec-

311 4043 453 4110 tionem.
498 4039 614 4127 Longe
640 4041 708 4104 alia
733 4061 827 4106 nunc
850 4049 904 4106 est
926 4059 1045 4106 rerum
1063 4039 1184 4118 iacies3
1206 4060 1269 4104 nec
1291 4041 1448 4106 dolemus
1466 4044 1639 4125 profecto,
1660 4045 1753 4130 quod
1770 4045 1839 4112 ali-

310 4174 475 4249 quatenus
496 4161 538 4226 de
565 4180 628 4226 suo
650 4133 749 4226 trono
774 4157 926 4244 dejecto,
952 4160 1056 4232 baec,
1080 4175 1185 4240 qoam
1211 4155 1437 4240 profitemur,
1467 4159 1646 4245 disciplina
1670 4181 1739 4228 non
1760 4185 1837 4229 am-

311 4283 403 4368 plius
427 4281 624 4347 dominetur
645 4281 681 4344 in
706 4289 873 4356 caeteras,
892 4299 956 4344 nec
973 4277 1149 4345 ministrae
1176 4287 1238 4342 aut
1257 4277 1421 4356 ancillas,
1441 4281 1501 4346 sed
1516 4281 1622 4346 socias
1642 4302 1698 4349 eae
1715 4282 1838 4351 babeat

310 4399 445 4484 oequffl
469 4399 639 4465 connubio
663 4402 820 4487 junctas3
853 4406 905 4463 est
929 4398 1022 4463 enim
1051 4399 1157 4462 simul
1180 4396 1217 4460 in
1236 4397 1434 4464 libertatem
1455 4399 1618 4466 restitute
1637 4410 1673 4466 et
1694 4401 1839 4468 vinculis

310 4519 438 4597 soluta3
464 4539 533 4584 non
560 4519 675 4583 minus
695 4537 798 4601 quam
824 4517 909 4583 alise
934 4517 1042 4584 libere
1063 4517 1129 4584 coli
1145 4527 1260 4603 potest
1284 4519 1466 4603 stereon,
1489 4531 1593 4606 utque
1610 4523 1658 4589 sio
1673 4523 1749 4608 pari
1763 4546 1839 4609 pas·

309 4656 349 4700 su
376 4657 456 4703 cum
489 4635 589 4734 bisce!
608 4637 767 4723 progredi
797 4637 839 4702 ad
870 4636 1137 4722 perlectionem,
1170 4657 1240 4724 qua
1272 4657 1351 4706 tere
1379 4657 1439 4704 sue
1466 4649 1502 4706 et
1528 4639 1644 4706 uetita
1673 4642 1838 4728 dignitate

311 4765 482 4854 appareat.
923 4753 926 4762 ’

356 4865 421 4936 Sed
444 4873 527 4939 hoec
543 4874 616 4960 ipsa
637 4874 674 4942 in
690 4876 868 4946 tractanda
888 4875 1073 4965 Theclcgia
1094 4876 1234 4945 libertas
1253 4875 1307 4944 uti
1324 4877 1448 4946 multis
1465 4875 1654 4962 perniciosa
1675 4877 1745 4945 vise
1765 4885 1837 4951 est,
