4956 6246
964 765 1242 854 enarro.
1843 772 1865 836 a

384 970 471 1038 Nam
490 970 579 1038 cives
600 971 807 1041 academicos
836 969 1036 1050 observans,
1066 974 1152 1040 alios
1186 973 1306 1050 video,
1337 970 1462 1062 quibus
1484 969 1567 1035 haec
1588 967 1661 1035 vita
1677 971 1865 1041 academica

344 1090 492 1156 babetur
519 1093 628 1156 otium
645 1111 724 1154 cam
742 1087 940 1178 dignitate,
974 1109 1059 1174 quae
1087 1090 1244 1180 quamuis
1273 1091 1309 1154 in
1338 1087 1475 1156 senibus
1501 1090 1641 1157 ferenda
1663 1089 1709 1154 sit
1731 1089 1867 1177 opinio.

343 1209 378 1274 in
392 1209 586 1296 junioribus
601 1210 758 1293 prolecto
770 1209 921 1296 ignaviae
941 1213 1044 1294 culpa
1064 1232 1133 1276 non
1162 1208 1307 1277 vacabit.
1353 1208 1439 1276 Aliis
1460 1212 1590 1294 placet,
1611 1211 1865 1277 institutionem

338 1328 567 1400 academicam
590 1329 633 1392 ad
657 1328 872 1416 hilaritatem
905 1351 975 1396 esse
1005 1329 1280 1413 institutionem,
1314 1350 1463 1416 quorum
1498 1329 1583 1394 dum
1614 1331 1733 1396 vultus
1768 1329 1866 1413 adipe

341 1447 430 1514 nitet
451 1448 599 1536 vinoque
629 1448 745 1515 madet
775 1469 916 1532 corpus,
939 1511 942 1516 .
965 1467 1152 1522 summum,
1185 1448 1316 1514 bonurn
1352 1460 1405 1515 est
1427 1447 1582 1538 gaudere
1622 1449 1759 1532 vitaque
1795 1448 1866 1514 frui

337 1567 467 1634 deliciis
484 1575 519 1632 et
532 1565 770 1651 voluptatibus
791 1566 978 1632 diffluente.
1025 1563 1098 1654 Hoc
1114 1585 1219 1652 genus
1240 1564 1422 1632 hominum
1442 1567 1534 1633 inter
1554 1567 1643 1633 ciues
1657 1565 1864 1632 academicos

339 1671 440 1750 credo
463 1703 632 1768 perquam
652 1703 772 1749 rarum
787 1692 857 1749 est:
881 1691 933 1748 ast
954 1682 1069 1748 minus
1090 1681 1234 1748 forsitan
1251 1681 1321 1748 rari
1344 1694 1448 1761 sunt,
1472 1684 1531 1767 qui
1549 1684 1698 1750 mediam
1713 1687 1865 1771 legentes

340 1801 450 1879 riam,
482 1787 604 1868 studiis
631 1803 767 1886 quidem
799 1805 882 1872 dant
902 1817 1063 1887 operam,
1088 1823 1152 1868 nec
1172 1811 1289 1870 tamen
1308 1802 1466 1872 nimiam.
1513 1777 1641 1870 Amant
1673 1805 1731 1869 isti
1751 1802 1865 1872 Musas

339 1937 409 1983 uon
423 1919 576 2002 perdite,
595 1927 637 1984 ut
649 1922 816 2005 juvenes,
832 1923 891 1989 sed
903 1917 1141 1989 mediocriter,
1159 1926 1199 1980 ut
1216 1937 1324 1981 senes·
1349 1917 1707 2005 Anquirunt,quanto
1723 1945 1808 2007 opus
1819 1925 1866 1988 sit

340 2037 475 2115 labore,
493 2049 534 2106 ut
545 2039 790 2124 lentolaniquo
818 2035 941 2121 pass'u,
955 2034 1020 2100 sed
1036 2029 1117 2091 eatis
1134 2026 1351 2090 laudabiliter
1368 2031 1564 2096 studiorum
1583 2033 1651 2098 iter
1670 2037 1866 2116 conficiant,

338 2161 427 2226 nihil
453 2162 562 2242 magis
590 2165 806 2228 metuentes,
827 2171 932 2232 quam
962 2144 1114 2229 corporis
1141 2145 1316 2230 animique
1353 2148 1645 2236 defatigationem.
1690 2153 1867 2220 Lectiones

340 2273 546 2342 academicae
586 2288 803 2352 nequaquem
834 2269 1077 2350 frequentant,
1118 2285 1161 2329 ne
1191 2265 1325 2331 scilicet
1358 2269 1474 2334 studia
1499 2271 1685 2338 domestica
1706 2285 1864 2359 pereant,

337 2411 424 2477 quae
442 2408 546 2454 mane
569 2389 765 2466 tractanda,
799 2394 840 2452 ut
874 2392 928 2450 sat
952 2383 1101 2469 supersit
1131 2351 1297 2470 hemporis
1330 2385 1371 2450 ad
1403 2385 1597 2456 animorum
1618 2393 1864 2461 relaxationem

340 2519 375 2576 et
399 2505 553 2572 convivia
580 2505 786 2589 vespertina.

381 2621 575 2708 Perspicitis
606 2619 688 2688 Adi
727 2632 770 2689 ut
813 2621 965 2708 priores,
1010 2625 1061 2690 sic
1089 2624 1151 2688 hos
1181 2622 1285 2689 etiam
1325 2642 1396 2691 esse
1428 2623 1675 2710 philosophos,
1717 2628 1759 2706 de
1792 2629 1864 2695 vita

337 2745 508 2829 rebusque
527 2744 703 2820 ,humanis
729 2751 832 2824 ¹acute
860 2753 895 2810 et
933 2741 1110 2810 subtiliter
1145 2743 1330 2810 admodum
1361 2741 1595 2826 disputantes,
1636 2767 1786 2831 quorum
1822 2754 1864 2812 ut

338 2864 438 2932 alteri
461 2866 564 2943 ἡδονὴν
587 2861 743 2946 Epicuri,
766 2865 817 2933 sic
834 2864 935 2932 alteri
950 2862 1222 2930 mediocritatem
1240 2861 1544 2944 Peripateticorum
1563 2862 1630 2924 sibi
1650 2862 1864 2946 proposuisse

214 3057 215 3062 γ
338 2986 509 3050 videntur.
554 2979 668 3065 Neque
702 2990 818 3050 tamen
851 2983 994 3048 illorum
1026 2980 1170 3066 puerilis
1193 2977 1372 3049 hilaritas,
1407 2976 1533 3042 horum
1565 2977 1712 3063 gravitas
1745 2978 1861 3044 senilis
1989 3037 1998 3052 ‚

338 3103 508 3170 nobismet
527 3102 609 3166 adeo
628 3102 817 3185 probatur,
839 3111 880 3168 ut
901 3122 958 3166 eos
979 3121 1116 3166 summa
1140 3099 1241 3166 laude
1264 3097 1382 3184 dignos
1401 3096 1595 3164 habeamus.
1624 3165 1626 3171 ,

385 3219 450 3288 Sed
476 3223 560 3304 quid
587 3225 691 3308 hujus
719 3221 840 3293 aetatis
860 3238 930 3288 nos
954 3228 1113 3286 moretur
1137 3214 1363 3301 experientia,
1391 3214 1432 3281 de
1467 3236 1536 3301 qua
1568 3216 1628 3300 qui
1651 3217 1860 3284 intersumus

336 3341 418 3426 ipsi,
448 3340 563 3406 minus
584 3361 693 3425 aequo
716 3343 860 3412 fortasse
873 3337 1103 3425 judicabimus
1124 3334 1251 3400 animo.
1296 3332 1480 3400 Historiam
1506 3333 1702 3401 invocemus
1720 3346 1860 3417 testem,

335 3459 515 3525 historiam
534 3458 638 3544 prisci
654 3453 748 3540 aevi,
764 3483 831 3546 quo
850 3481 932 3526 suus
955 3457 1081 3524 litteris
1099 3453 1285 3522 constabat
1304 3454 1411 3518 honos
1425 3461 1467 3518 et
1489 3453 1621 3537 antiqui
1634 3475 1746 3520 mores
1764 3461 1863 3520 erant

336 3588 371 3646 et
397 3581 538 3664 antiqua
567 3581 698 3647 studiat
723 3580 852 3658 Vereor
881 3577 959 3644 Ab!
983 3597 1027 3644 ne
1049 3576 1085 3640 in
1100 3573 1286 3659 praeterita
1308 3581 1467 3656 tempora
1486 3570 1702 3658 inspicientes
1718 3572 1875 3651 eandem,

336 3719 471 3764 scenam
490 3699 544 3784 agi
569 3700 754 3768 videamus.
798 3699 916 3778 'l'eetcs
937 3695 1004 3762 cito
1026 3692 1301 3763 eruditissimum
1322 3713 1441 3772 rerum
1462 3691 1735 3758 academicarum
1753 3690 1860 3754 histo·

335 3811 448 3875 ricum
477 3813 759 3898 Siegenbeekium
790 3825 948 3889 nostrum
980 3824 1016 3880 et
1040 3812 1234 3896 principem
1262 3812 1461 3877 litterarum
1493 3819 1651 3875 veterum
1682 3809 1859 3872 doctorem

335 3909 669 4008 Wyilfflbfflhfflm,
690 3921 1148 4002 -Rnbakmitmaesptoris
1176 3917 1285 3984 vitam
1312 3933 1525 3993 narrantem.
1545 3923 1618 3986 ,Εἰ
1637 3923 1694 3982 hia
1714 3920 1857 4004 quidam

335 4040 377 4104 de
399 4035 593 4102 Ruhnkenii
609 4035 735 4102 scholis
752 4033 945 4101 historicis:
971 4055 989 4097 a
1010 4035 1134 4098 harum
1155 4031 1324 4112 utilitati,
1349 4032 1487 4116 inquit,
1512 4052 1551 4096 ac
1570 4032 1732 4098 suavitati
1756 4034 1858 4100 scho-

333 4158 447 4221 larum
471 4153 595 4218 indicio
625 4152 730 4218 etiam
758 4155 827 4220 luit
858 4172 976 4220 earum
1001 4150 1213 4236 frequentia,
1248 4170 1318 4217 non
1345 4151 1485 4236 quidem
1506 4148 1569 4214 illa
1604 4151 1774 4229 maxima,
1797 4154 1858 4219 sed

332 4276 442 4360 major
463 4283 600 4350 tamen,
624 4294 729 4358 quam
755 4271 912 4350 abillius
932 4269 1040 4335 seculi
1068 4268 1294 4351 perversitate
1323 4267 1512 4352 exspectari
1538 4278 1684 4352 poterat.
1729 4269 1856 4340 Recens
1951 4307 1956 4319 ·

331 4405 435 4470 tuno,
458 4392 507 4458 sic
534 4394 669 4480 pergit,
699 4393 791 4459 inter
823 4388 982 4457 homines
1010 4395 1145 4452 nostros
1179 4384 1370 4452 invaluerat
1400 4405 1517 4464 error,
1546 4385 1728 4454 historiam
1755 4389 1855 4457 libris

329 4510 480 4600 legendis
506 4512 635 4577 rectius
662 4509 768 4584 disci,
804 4526 910 4591 quam
941 4505 1103 4572 adeundis
1131 4505 1364 4590 professorum
1391 4503 1529 4571 scholis.
1575 4503 1854 4576 Hemsterhusius

328 4627 451 4694 solitus
464 4635 555 4708 orat,
579 4628 759 4694 historiam
781 4625 989 4712 reipublicae
1015 4623 1158 4691 Batarae
1181 4643 1357 4705 enarrare,
1381 4629 1477 4686 tanta
1493 4620 1706 4691 audientium
1726 4627 1854 4692 multi-

213 4743 223 4755 '
331 4747 448 4815 tudine
468 4755 505 4812 et
525 4745 787 4831 adprobatione,
816 4743 935 4812 utilia
954 4766 1024 4815 non
1042 4746 1156 4812 solum
1174 4743 1356 4826 historiae,
1387 4741 1447 4807 sed
1471 4750 1507 4807 et
1528 4743 1729 4829 prudentiae
1744 4746 1853 4812 civilis

330 4861 502 4931 institutio
523 4863 733 4946 haberetur;
759 4872 795 4930 at
815 4862 1012 4955 Wagenarii
1037 4865 1078 4930 de
1097 4863 1238 4932 historia
1265 4861 1396 4948 patriae
1413 4883 1516 4946 opere
1536 4865 1647 4945 edito,
1683 4851 1872 4952 paulatim

1442 4980 1468 5044 B
