<?xml version="1.0" encoding="UTF-8"?>
<!DOCTYPE html PUBLIC "-//W3C//DTD XHTML 1.0 Transitional//EN"
    "http://www.w3.org/TR/xhtml1/DTD/xhtml1-transitional.dtd">
<html xmlns="http://www.w3.org/1999/xhtml" xml:lang="en" lang="en">
 <head>
  <title>
</title>
<meta http-equiv="Content-Type" content="text/html;charset=utf-8" />
  <meta name='ocr-system' content='tesseract 3.04.00' />
  <meta name='ocr-capabilities' content='ocr_page ocr_carea ocr_par ocr_line ocrx_word'/>
</head>
<body>
  <div class='ocr_page' id='page_1' title='image "annalesacademic10unkngoog_0039.png"; bbox 0 0 4956 6246; ppageno 0'>
   <div class='ocr_carea' id='block_1_1' title="bbox 685 714 1950 794">
    <p class='ocr_par' dir='ltr' id='par_1_1' title="bbox 685 714 1950 794">
     <span class='ocr_line' id='line_1_1' title="bbox 685 714 1950 794; baseline 0 -2"><span class='ocrx_word' id='word_1_1' title='bbox 685 725 727 792; x_wconf 74' lang='lat'><strong>28</strong></span> <span class='ocrx_word' id='word_1_2' title='bbox 974 719 1236 790; x_wconf 78' lang='lat' dir='ltr'><strong>CORNELll</strong></span> <span class='ocrx_word' id='word_1_3' title='bbox 1267 717 1427 788; x_wconf 82' lang='lat' dir='ltr'>PRUYS</span> <span class='ocrx_word' id='word_1_4' title='bbox 1462 714 1566 790; x_wconf 77' lang='lat' dir='ltr'><strong>VAN</strong></span> <span class='ocrx_word' id='word_1_5' title='bbox 1600 717 1698 787; x_wconf 77' lang='lat' dir='ltr'><strong>nnn</strong></span> <span class='ocrx_word' id='word_1_6' title='bbox 1729 718 1950 794; x_wconf 76' lang='lat' dir='ltr'><strong>Houvnu</strong></span> 
     </span>
    </p>
   </div>
   <div class='ocr_carea' id='block_1_2' title="bbox 684 925 2214 1373">
    <p class='ocr_par' dir='ltr' id='par_1_2' title="bbox 684 925 2212 1253">
     <span class='ocr_line' id='line_1_2' title="bbox 728 925 2209 1014; baseline 0.004 -24"><span class='ocrx_word' id='word_1_7' title='bbox 728 925 887 992; x_wconf 87' lang='lat' dir='ltr'><strong>Museum</strong></span> <span class='ocrx_word' id='word_1_8' title='bbox 929 931 1158 997; x_wconf 88' lang='lat' dir='ltr'><strong>anatomicum</strong></span> <span class='ocrx_word' id='word_1_9' title='bbox 1199 947 1365 1014; x_wconf 90' lang='lat' dir='ltr'><strong>quosnam</strong></span> <span class='ocrx_word' id='word_1_10' title='bbox 1404 927 1564 994; x_wconf 79' lang='lat' dir='ltr'>recondat</span> <span class='ocrx_word' id='word_1_11' title='bbox 1603 927 1797 1012; x_wconf 77' lang='lat' dir='ltr'><strong>thesauros,</strong></span> <span class='ocrx_word' id='word_1_12' title='bbox 1842 929 2069 997; x_wconf 85' lang='lat' dir='ltr'><strong>Sandifortius</strong></span> <span class='ocrx_word' id='word_1_13' title='bbox 2112 930 2209 998; x_wconf 90' lang='lat' dir='ltr'><strong>nobis</strong></span> 
     </span>
     <span class='ocr_line' id='line_1_3' title="bbox 684 1044 2212 1137; baseline 0.004 -27"><span class='ocrx_word' id='word_1_14' title='bbox 684 1063 851 1129; x_wconf 79' lang='lat' dir='ltr'>exponere</span> <span class='ocrx_word' id='word_1_15' title='bbox 872 1050 1010 1137; x_wconf 87' lang='lat' dir='ltr'><strong>pergit,</strong></span> <span class='ocrx_word' id='word_1_16' title='bbox 1038 1051 1158 1116; x_wconf 88' lang='lat' dir='ltr'><strong>doctus</strong></span> <span class='ocrx_word' id='word_1_17' title='bbox 1187 1047 1294 1132; x_wconf 88' lang='lat' dir='ltr'><strong>ipsius</strong></span> <span class='ocrx_word' id='word_1_18' title='bbox 1325 1044 1513 1131; x_wconf 84' lang='lat' dir='ltr'><strong>interpres:</strong></span> <span class='ocrx_word' id='word_1_19' title='bbox 1550 1046 1652 1132; x_wconf 85' lang='lat' dir='ltr'><strong>idque</strong></span> <span class='ocrx_word' id='word_1_20' title='bbox 1687 1067 1757 1113; x_wconf 88' lang='lat' dir='ltr'><strong>non</strong></span> <span class='ocrx_word' id='word_1_21' title='bbox 1776 1049 1914 1133; x_wconf 86' lang='lat' dir='ltr'><strong>jejuna,</strong></span> <span class='ocrx_word' id='word_1_22' title='bbox 1953 1057 2014 1115; x_wconf 91' lang='lat' dir='ltr'><strong>aut</strong></span> <span class='ocrx_word' id='word_1_23' title='bbox 2038 1049 2212 1125; x_wconf 88' lang='lat' dir='ltr'><strong>tenuiter,</strong></span> 
     </span>
     <span class='ocr_line' id='line_1_4' title="bbox 685 1164 1284 1253; baseline 0.005 -26"><span class='ocrx_word' id='word_1_24' title='bbox 685 1164 745 1229; x_wconf 91' lang='lat' dir='ltr'><strong>sed</strong></span> <span class='ocrx_word' id='word_1_25' title='bbox 760 1167 877 1248; x_wconf 88' lang='lat' dir='ltr'><strong>plene,</strong></span> <span class='ocrx_word' id='word_1_26' title='bbox 902 1177 947 1234; x_wconf 72' lang='lat' dir='ltr'><strong>ut‘</strong></span> <span class='ocrx_word' id='word_1_27' title='bbox 965 1169 1071 1245; x_wconf 88' lang='lat' dir='ltr'><strong>solet,</strong></span> <span class='ocrx_word' id='word_1_28' title='bbox 1090 1168 1284 1253; x_wconf 87' lang='lat' dir='ltr'><strong>etcopiose.</strong></span> 
     </span>
    </p>

    <p class='ocr_par' dir='ltr' id='par_1_3' title="bbox 730 1281 2214 1373">
     <span class='ocr_line' id='line_1_5' title="bbox 730 1281 2214 1373; baseline 0.001 -25"><span class='ocrx_word' id='word_1_29' title='bbox 730 1281 917 1353; x_wconf 83' lang='lat' dir='ltr'><strong>Memorari</strong></span> <span class='ocrx_word' id='word_1_30' title='bbox 934 1289 1123 1356; x_wconf 80' lang='lat' dir='ltr'><strong>academiae</strong></span> <span class='ocrx_word' id='word_1_31' title='bbox 1142 1309 1196 1354; x_wconf 90' lang='lat' dir='ltr'><strong>res</strong></span> <span class='ocrx_word' id='word_1_32' title='bbox 1218 1308 1409 1373; x_wconf 84' lang='lat' dir='ltr'><strong>prosperas.</strong></span> <span class='ocrx_word' id='word_1_33' title='bbox 1453 1285 1620 1352; x_wconf 86' lang='lat' dir='ltr'><strong>Nullasne</strong></span> <span class='ocrx_word' id='word_1_34' title='bbox 1636 1286 1723 1351; x_wconf 92' lang='lat' dir='ltr'><strong>mihi</strong></span> <span class='ocrx_word' id='word_1_35' title='bbox 1740 1287 1978 1353; x_wconf 83' lang='lat' dir='ltr'><strong>memorandae</strong></span> <span class='ocrx_word' id='word_1_36' title='bbox 1992 1295 2075 1352; x_wconf 90' lang='lat' dir='ltr'><strong>sunt</strong></span> <span class='ocrx_word' id='word_1_37' title='bbox 2090 1288 2214 1352; x_wconf 81' lang='lat' dir='ltr'><strong>adrer-</strong></span> 
     </span>
    </p>
   </div>
   <div class='ocr_carea' id='block_1_3' title="bbox 551 1397 2215 1498">
    <p class='ocr_par' dir='ltr' id='par_1_4' title="bbox 551 1397 2215 1498">
     <span class='ocr_line' id='line_1_6' title="bbox 551 1397 2215 1498; baseline 0 -27"><span class='ocrx_word' id='word_1_38' title='bbox 551 1489 554 1498; x_wconf 93' lang='lat'><em>.</em></span> <span class='ocrx_word' id='word_1_39' title='bbox 606 1433 609 1440; x_wconf 93' lang='lat'>·</span> <span class='ocrx_word' id='word_1_40' title='bbox 685 1401 767 1468; x_wconf 74' lang='lat' dir='ltr'><strong>sae?</strong></span> <span class='ocrx_word' id='word_1_41' title='bbox 821 1405 874 1473; x_wconf 84' lang='lat' dir='ltr'><strong>Ad</strong></span> <span class='ocrx_word' id='word_1_42' title='bbox 899 1409 987 1474; x_wconf 91' lang='lat' dir='ltr'><strong>hanc</strong></span> <span class='ocrx_word' id='word_1_43' title='bbox 1021 1408 1254 1493; x_wconf 85' lang='lat' dir='ltr'><strong>quaestionem</strong></span> <span class='ocrx_word' id='word_1_44' title='bbox 1288 1407 1371 1492; x_wconf 91' lang='lat' dir='ltr'><strong>quid</strong></span> <span class='ocrx_word' id='word_1_45' title='bbox 1408 1404 1639 1490; x_wconf 84' lang='lat' dir='ltr'><strong>respondebo,</strong></span> <span class='ocrx_word' id='word_1_46' title='bbox 1681 1406 1909 1472; x_wconf 85' lang='lat' dir='ltr'><strong>adolescentes</strong></span> <span class='ocrx_word' id='word_1_47' title='bbox 1953 1397 2102 1490; x_wconf 80' lang='lat' dir='ltr'><strong>optimi?</strong></span> <span class='ocrx_word' id='word_1_48' title='bbox 2146 1402 2215 1471; x_wconf 89' lang='lat' dir='ltr'><strong>Vos</strong></span> 
     </span>
    </p>
   </div>
   <div class='ocr_carea' id='block_1_4' title="bbox 686 1523 2220 2442">
    <p class='ocr_par' dir='ltr' id='par_1_5' title="bbox 686 1523 2219 2302">
     <span class='ocr_line' id='line_1_7' title="bbox 686 1523 2215 1613; baseline 0.003 -28"><span class='ocrx_word' id='word_1_49' title='bbox 686 1525 888 1605; x_wconf 86' lang='lat' dir='ltr'><strong>respondete</strong></span> <span class='ocrx_word' id='word_1_50' title='bbox 924 1527 1012 1613; x_wconf 87' lang='lat' dir='ltr'><strong>ipsi,</strong></span> <span class='ocrx_word' id='word_1_51' title='bbox 1046 1549 1114 1595; x_wconf 88' lang='lat' dir='ltr'><strong>non</strong></span> <span class='ocrx_word' id='word_1_52' title='bbox 1142 1527 1277 1602; x_wconf 82' lang='lat' dir='ltr'><strong>verbis,</strong></span> <span class='ocrx_word' id='word_1_53' title='bbox 1315 1525 1375 1591; x_wconf 92' lang='lat' dir='ltr'><strong>sed</strong></span> <span class='ocrx_word' id='word_1_54' title='bbox 1412 1545 1531 1590; x_wconf 89' lang='lat' dir='ltr'><strong>rerum</strong></span> <span class='ocrx_word' id='word_1_55' title='bbox 1557 1524 1774 1593; x_wconf 88' lang='lat' dir='ltr'><strong>testimoniis.</strong></span> <span class='ocrx_word' id='word_1_56' title='bbox 1829 1523 1898 1593; x_wconf 87' lang='lat' dir='ltr'><strong>Vos</strong></span> <span class='ocrx_word' id='word_1_57' title='bbox 1934 1545 1978 1589; x_wconf 87' lang='lat' dir='ltr'><strong>ne</strong></span> <span class='ocrx_word' id='word_1_58' title='bbox 2017 1524 2215 1608; x_wconf 87' lang='lat' dir='ltr'><strong>poeniteat,</strong></span> 
     </span>
     <span class='ocr_line' id='line_1_8' title="bbox 687 1641 2217 1732; baseline 0.004 -30"><span class='ocrx_word' id='word_1_59' title='bbox 687 1643 850 1708; x_wconf 87' lang='lat' dir='ltr'><strong>mortales</strong></span> <span class='ocrx_word' id='word_1_60' title='bbox 887 1645 1102 1726; x_wconf 90' lang='lat' dir='ltr'><strong>inimicitias,</strong></span> <span class='ocrx_word' id='word_1_61' title='bbox 1151 1645 1375 1732; x_wconf 88' lang='lat' dir='ltr'><strong>sempiternas</strong></span> <span class='ocrx_word' id='word_1_62' title='bbox 1417 1641 1585 1709; x_wconf 89' lang='lat' dir='ltr'><strong>amicitias</strong></span> <span class='ocrx_word' id='word_1_63' title='bbox 1619 1642 1768 1724; x_wconf 88' lang='lat' dir='ltr'><strong>habere;</strong></span> <span class='ocrx_word' id='word_1_64' title='bbox 1806 1662 1918 1727; x_wconf 92' lang='lat' dir='ltr'><strong>neque</strong></span> <span class='ocrx_word' id='word_1_65' title='bbox 1955 1663 2011 1709; x_wconf 89' lang='lat' dir='ltr'><strong>eos</strong></span> <span class='ocrx_word' id='word_1_66' title='bbox 2040 1662 2217 1730; x_wconf 88' lang='lat' dir='ltr'><strong>generosos</strong></span> 
     </span>
     <span class='ocr_line' id='line_1_9' title="bbox 687 1761 2216 1851; baseline 0.001 -28"><span class='ocrx_word' id='word_1_67' title='bbox 687 1768 806 1841; x_wconf 85' lang='lat' dir='ltr'><strong>putate</strong></span> <span class='ocrx_word' id='word_1_68' title='bbox 854 1773 890 1831; x_wconf 91' lang='lat' dir='ltr'><strong>et</strong></span> <span class='ocrx_word' id='word_1_69' title='bbox 932 1769 1114 1842; x_wconf 89' lang='lat' dir='ltr'><strong>honestos,</strong></span> <span class='ocrx_word' id='word_1_70' title='bbox 1158 1768 1220 1851; x_wconf 91' lang='lat' dir='ltr'><strong>qui</strong></span> <span class='ocrx_word' id='word_1_71' title='bbox 1260 1765 1471 1846; x_wconf 83' lang='lat' dir='ltr'><strong>cunctando,</strong></span> <span class='ocrx_word' id='word_1_72' title='bbox 1516 1765 1576 1832; x_wconf 89' lang='lat' dir='ltr'><strong>sed</strong></span> <span class='ocrx_word' id='word_1_73' title='bbox 1623 1765 1683 1850; x_wconf 89' lang='lat' dir='ltr'><strong>qui</strong></span> <span class='ocrx_word' id='word_1_74' title='bbox 1718 1765 1882 1842; x_wconf 88' lang='lat' dir='ltr'><strong>amando,</strong></span> <span class='ocrx_word' id='word_1_75' title='bbox 1927 1763 1988 1849; x_wconf 89' lang='lat' dir='ltr'><strong>qui</strong></span> <span class='ocrx_word' id='word_1_76' title='bbox 2027 1761 2216 1827; x_wconf 78' lang='lat' dir='ltr'><strong>amicitiam</strong></span> 
     </span>
     <span class='ocr_line' id='line_1_10' title="bbox 686 1878 2217 1972; baseline 0.008 -31"><span class='ocrx_word' id='word_1_77' title='bbox 686 1878 970 1966; x_wconf 86' lang='lat' dir='ltr'><strong>redintegrando,</strong></span> <span class='ocrx_word' id='word_1_78' title='bbox 1012 1885 1204 1951; x_wconf 88' lang='lat' dir='ltr'><strong>restituunt</strong></span> <span class='ocrx_word' id='word_1_79' title='bbox 1243 1903 1329 1950; x_wconf 89' lang='lat' dir='ltr'><strong>rem.</strong></span> <span class='ocrx_word' id='word_1_80' title='bbox 1377 1883 1469 1966; x_wconf 89' lang='lat' dir='ltr'><strong>Quid</strong></span> <span class='ocrx_word' id='word_1_81' title='bbox 1498 1881 1613 1949; x_wconf 78' lang='lat' dir='ltr'><strong>statis!</strong></span> <span class='ocrx_word' id='word_1_82' title='bbox 1666 1883 1742 1952; x_wconf 87' lang='lat' dir='ltr'><strong>Non</strong></span> <span class='ocrx_word' id='word_1_83' title='bbox 1781 1885 1987 1972; x_wconf 88' lang='lat' dir='ltr'><strong>spectaculis</strong></span> <span class='ocrx_word' id='word_1_84' title='bbox 2012 1893 2048 1950; x_wconf 91' lang='lat' dir='ltr'><strong>et</strong></span> <span class='ocrx_word' id='word_1_85' title='bbox 2069 1900 2217 1968; x_wconf 72' lang='lat' dir='ltr'><strong>pompa,</strong></span> 
     </span>
     <span class='ocr_line' id='line_1_11' title="bbox 687 1994 2219 2087; baseline 0.002 -27"><span class='ocrx_word' id='word_1_86' title='bbox 687 1997 748 2061; x_wconf 90' lang='lat' dir='ltr'><strong>sed</strong></span> <span class='ocrx_word' id='word_1_87' title='bbox 785 2000 963 2062; x_wconf 89' lang='lat' dir='ltr'><strong>concordia</strong></span> <span class='ocrx_word' id='word_1_88' title='bbox 995 2002 1099 2086; x_wconf 79' lang='lat' dir='ltr'><strong>huJ&#39;us</strong></span> <span class='ocrx_word' id='word_1_89' title='bbox 1123 2000 1324 2082; x_wconf 75' lang='lat' dir='ltr'><strong>[academiae</strong></span> <span class='ocrx_word' id='word_1_90' title='bbox 1345 1999 1487 2064; x_wconf 69' lang='lat' dir='ltr'><strong>ssrestrae</strong></span> <span class='ocrx_word' id='word_1_91' title='bbox 1509 2003 1660 2066; x_wconf 83' lang='lat' dir='ltr'><strong>natalem</strong></span> <span class='ocrx_word' id='word_1_92' title='bbox 1689 2003 1789 2087; x_wconf 84' lang='lat' dir='ltr'><strong>digne</strong></span> <span class='ocrx_word' id='word_1_93' title='bbox 1827 1998 2062 2072; x_wconf 86' lang='lat' dir='ltr'><strong>celebrabitis!</strong></span> <span class='ocrx_word' id='word_1_94' title='bbox 2118 1994 2219 2082; x_wconf 80' lang='lat' dir='ltr'><strong>Agite</strong></span> 
     </span>
     <span class='ocr_line' id='line_1_12' title="bbox 689 2111 2217 2206; baseline 0.003 -31"><span class='ocrx_word' id='word_1_95' title='bbox 689 2111 818 2178; x_wconf 85' lang='lat' dir='ltr'><strong>dextris</strong></span> <span class='ocrx_word' id='word_1_96' title='bbox 844 2115 980 2202; x_wconf 85' lang='lat' dir='ltr'><strong>jungite</strong></span> <span class='ocrx_word' id='word_1_97' title='bbox 1005 2117 1142 2184; x_wconf 86' lang='lat' dir='ltr'><strong>dextras</strong></span> <span class='ocrx_word' id='word_1_98' title='bbox 1163 2136 1270 2202; x_wconf 82' lang='lat' dir='ltr'><strong>eoque</strong></span> <span class='ocrx_word' id='word_1_99' title='bbox 1293 2123 1395 2202; x_wconf 91' lang='lat' dir='ltr'><strong>pacto</strong></span> <span class='ocrx_word' id='word_1_100' title='bbox 1420 2115 1578 2189; x_wconf 84' lang='lat' dir='ltr'><strong>foedere,</strong></span> <span class='ocrx_word' id='word_1_101' title='bbox 1606 2127 1771 2202; x_wconf 85' lang='lat' dir='ltr'><strong>tanquam</strong></span> <span class='ocrx_word' id='word_1_102' title='bbox 1803 2122 1935 2206; x_wconf 84' lang='lat' dir='ltr'><strong>hymno</strong></span> <span class='ocrx_word' id='word_1_103' title='bbox 1963 2114 2217 2204; x_wconf 86' lang='lat' dir='ltr'><strong>pulcherrimo,</strong></span> 
     </span>
     <span class='ocr_line' id='line_1_13' title="bbox 688 2230 1191 2302; baseline 0.006 -6"><span class='ocrx_word' id='word_1_104' title='bbox 688 2230 845 2298; x_wconf 83' lang='lat' dir='ltr'><strong>divinum</strong></span> <span class='ocrx_word' id='word_1_105' title='bbox 863 2233 1001 2302; x_wconf 85' lang='lat' dir='ltr'><strong>laudate</strong></span> <span class='ocrx_word' id='word_1_106' title='bbox 1016 2256 1168 2302; x_wconf 84' lang='lat' dir='ltr'><strong>amorem</strong></span> <span class='ocrx_word' id='word_1_107' title='bbox 1184 2233 1191 2299; x_wconf 95' lang='lat'>!</span> 
     </span>
    </p>

    <p class='ocr_par' dir='ltr' id='par_1_6' title="bbox 736 2349 2220 2442">
     <span class='ocr_line' id='line_1_14' title="bbox 736 2349 2220 2442; baseline -0.001 -26"><span class='ocrx_word' id='word_1_108' title='bbox 736 2349 790 2417; x_wconf 91' lang='lat' dir='ltr'><strong>Ita</strong></span> <span class='ocrx_word' id='word_1_109' title='bbox 819 2351 906 2418; x_wconf 90' lang='lat' dir='ltr'><strong>mihi</strong></span> <span class='ocrx_word' id='word_1_110' title='bbox 932 2354 1136 2442; x_wconf 87' lang='lat' dir='ltr'><strong>magistratu</strong></span> <span class='ocrx_word' id='word_1_111' title='bbox 1158 2353 1317 2430; x_wconf 82' lang='lat' dir='ltr'><strong>abeunti,</strong></span> <span class='ocrx_word' id='word_1_112' title='bbox 1341 2352 1390 2419; x_wconf 88' lang='lat' dir='ltr'><strong>ita</strong></span> <span class='ocrx_word' id='word_1_113' title='bbox 1417 2353 1605 2418; x_wconf 85' lang='lat' dir='ltr'><strong>successori</strong></span> <span class='ocrx_word' id='word_1_114' title='bbox 1636 2353 1879 2440; x_wconf 88' lang='lat' dir='ltr'><strong>magistratum</strong></span> <span class='ocrx_word' id='word_1_115' title='bbox 1913 2352 2141 2440; x_wconf 86' lang='lat' dir='ltr'><strong>ingredienti,</strong></span> <span class='ocrx_word' id='word_1_116' title='bbox 2171 2353 2220 2416; x_wconf 88' lang='lat' dir='ltr'><strong>ita</strong></span> 
     </span>
    </p>
   </div>
   <div class='ocr_carea' id='block_1_5' title="bbox 691 2466 2218 2655">
    <p class='ocr_par' dir='ltr' id='par_1_7' title="bbox 691 2466 2218 2655">
     <span class='ocr_line' id='line_1_15' title="bbox 691 2466 2218 2545; baseline -0.001 -12"><span class='ocrx_word' id='word_1_117' title='bbox 691 2466 787 2534; x_wconf 82' lang='lat' dir='ltr'><strong>robis</strong></span> <span class='ocrx_word' id='word_1_118' title='bbox 809 2468 1019 2543; x_wconf 80' lang='lat' dir='ltr'><strong>Professores</strong></span> <span class='ocrx_word' id='word_1_119' title='bbox 1048 2471 1257 2545; x_wconf 84' lang='lat' dir='ltr'><strong>Clarissimil</strong></span> <span class='ocrx_word' id='word_1_120' title='bbox 1282 2473 1331 2542; x_wconf 81' lang='lat' dir='ltr'><strong>ita</strong></span> <span class='ocrx_word' id='word_1_121' title='bbox 1350 2472 1511 2541; x_wconf 87' lang='lat' dir='ltr'><strong>omnibus</strong></span> <span class='ocrx_word' id='word_1_122' title='bbox 1531 2471 1721 2541; x_wconf 85' lang='lat' dir='ltr'><strong>academiae</strong></span> <span class='ocrx_word' id='word_1_123' title='bbox 1749 2471 1881 2542; x_wconf 80' lang='lat' dir='ltr'><strong>civibus</strong></span> <span class='ocrx_word' id='word_1_124' title='bbox 1899 2473 1992 2536; x_wconf 89' lang='lat' dir='ltr'><strong>huno</strong></span> <span class='ocrx_word' id='word_1_125' title='bbox 2010 2471 2101 2538; x_wconf 88' lang='lat' dir='ltr'><strong>diem</strong></span> <span class='ocrx_word' id='word_1_126' title='bbox 2127 2467 2218 2534; x_wconf 89' lang='lat' dir='ltr'><strong>Deus</strong></span> 
     </span>
     <span class='ocr_line' id='line_1_16' title="bbox 691 2585 867 2655; baseline 0.023 -6"><span class='ocrx_word' id='word_1_127' title='bbox 691 2585 847 2655; x_wconf 80' lang='lat' dir='ltr'><strong>fortunet</strong></span> <span class='ocrx_word' id='word_1_128' title='bbox 859 2587 867 2653; x_wconf 91' lang='grc' dir='ltr'>Ι</span> 
     </span>
    </p>
   </div>
   <div class='ocr_carea' id='block_1_6' title="bbox 0 0 2497 6244">
    <p class='ocr_par' dir='ltr' id='par_1_8' title="bbox 0 0 2497 6244">
     <span class='ocr_line' id='line_1_17' title="bbox 0 0 2497 6244; baseline 0 0"><span class='ocrx_word' id='word_1_129' title='bbox 0 0 2497 6244; x_wconf 95' lang='lat' dir='ltr'><strong> </strong></span> 
     </span>
    </p>
   </div>
  </div>
 </body>
</html>
