4956 6246
941 775 1222 850 orario,
1806 783 1848 850 n

319 988 452 1059 nullam
475 985 579 1052 aliam
599 1004 636 1052 aa
653 982 810 1070 profiteri
826 992 962 1072 praeter
980 1003 1123 1068 parvam
1140 981 1311 1068 quandam
1327 978 1462 1050 amandi
1477 977 1704 1064 disciplinam,
1725 983 1850 1066 ajebat.

319 1103 531 1174 Socraticum
543 1101 634 1168 illud
652 1103 790 1186 latrem
809 1105 935 1189 (timaee
959 1111 1124 1188 tanquam
1144 1104 1296 1189 sapiendi
1313 1101 1524 1188 principium
1541 1109 1729 1185 ponentes,
1744 1098 1795 1166 air
1808 1119 1850 1168 ec

320 1243 456 1292 emnem
472 1230 626 1288 nostram
646 1219 822 1288 ordiamur
843 1219 1123 1312 disputationem.
1160 1221 1228 1292 Nec
1244 1223 1360 1301 vobis,
1395 1220 1534 1306 opinor,
1554 1220 1750 1305 displicebit
1770 1217 1845 1288 tlt

320 1343 437 1412 uthoc
454 1336 508 1406 die
527 1337 614 1404 festo
625 1355 782 1404 amorem.
795 1359 952 1408 sermone
965 1339 1198 1421 celebremus,
1218 1343 1332 1428 qualis
1343 1342 1492 1410 eroticue
1501 1361 1616 1406 sermo
1625 1359 1695 1406 non
1706 1347 1845 1406 tantum

320 1460 417 1531 nobis
446 1443 656 1536 senioribus,
675 1457 734 1524 aed
751 1456 833 1529 huic
860 1456 964 1525 etiam
983 1459 1162 1544 juventuti
1190 1461 1401 1530 academicae
1417 1469 1534 1548 gratim
1552 1479 1623 1524 esee
1635 1467 1672 1524 et
1692 1465 1850 1540 acceptes

320 1577 432 1646 debet.
477 1573 530 1642 Ab
546 1595 663 1642 amore
673 1578 765 1663 enim
780 1577 892 1645 omnis
911 1576 1108 1656 institutio,
1125 1587 1291 1666 tanquam
1308 1581 1404 1648 iente
1425 1601 1467 1646 ac
1481 1575 1674 1663 principio,
1697 1573 1850 1642 ducitur.

365 1697 498 1767 Verum
526 1696 828 1784 operaepretium
866 1707 938 1776 est,
974 1699 1010 1764 in
1038 1700 1132 1764 hunc
1161 1721 1316 1768 amorem
1353 1700 1544 1785 inquirere,
1584 1714 1688 1778 quem
1721 1691 1850 1759 artium

321 1815 611 1904 acimtiar'umque
640 1819 775 1889 fontem
803 1819 953 1888 habuere
989 1842 1029 1886 ac
1058 1821 1171 1890 dixere
1210 1834 1351 1892 veterae.
1406 1819 1494 1890 Nam
1533 1815 1620 1886 alitae
1667 1824 1720 1883 eet
1756 1831 1853 1879 emor

321 1933 527 2000 arrimalibus
571 1954 651 2003 cum
700 1937 898 2007 hominihus
938 1937 1158 2014 communis,
1199 1939 1285 2000 aliua
1324 1946 1378 2000 eat
1423 1935 1584 2014 proprius
1634 1931 1844 1996 haminibus·

323 2051 473 2124 «Omne
497 2055 650 2134 animal,
685 2063 727 2122 ut
758 2067 851 2124 recte
888 2055 1045 2120 uiderant
1079 2049 1150 2122 illi,
1183 2069 1223 2112 ¹ae
1266 2048 1382 2130 ipsum
1424 2043 1555 2127 diligit,
1592 2061 1632 2108 ac
1668 2043 1774 2108 simul
1809 2055 1852 2110 ut

321 2186 439 2242 ortum
464 2187 544 2248 est,
585 2176 622 2234 id
651 2171 752 2250 agit,
797 2175 844 2250 ut
874 2184 911 2226 ee
943 2171 1172 2246 concertet.»
1219 2161 1286 2244 Hic
1312 2181 1408 2235 amer
1449 2159 1504 2233 sui
1548 2158 1747 2230 hominibus
1800 2167 1857 2226 eat

324 2309 404 2360 eum
443 2283 674 2348 animantibus
722 2278 935 2346 communis:
989 2279 1117 2365 quique
1153 2299 1192 2346 eo
1235 2282 1403 2350 duntaxat
1451 2281 1656 2358 ducuntur,
1693 2299 1757 2346 nac
1799 2278 1851 2347 illi

323 2401 518 2472 subsistunt
535 2395 712 2480 inprimis
730 2397 826 2464 illius
845 2398 982 2466 amandi
1003 2395 1203 2486 disciplinae
1223 2397 1422 2466 elementis!
1456 2395 1521 2464 Sed
1539 2395 1708 2464 advortite
1728 2415 1853 2481 quaese

323 2521 551 2592 animantium
570 2518 825 2606 hominumque
843 2517 1045 2586 discrimen:
1080 2518 1225 2584 illorum
1258 2513 1433 2602 perbrevis
1452 2524 1504 2582 eet
1529 2516 1572 2582 ad
1602 2525 1744 2582 naturae
1771 2535 1853 2582 suae

323 2641 570 2730 perfectionem
590 2636 785 2721 institutio,
816 2637 943 2704 horum
966 2646 1002 2703 et
1030 2639 1133 2722 longa
1157 2637 1324 2716 infantie,
1352 2645 1388 2703 et
1418 2637 1533 2704 multa
1569 2645 1719 2722 egestas,
1752 2643 1795 2702 ut
1815 2632 1854 2698 in-

325 2763 427 2831 domo
453 2767 596 2843 paterna
637 2764 841 2840 pareutum,
884 2756 1054 2833 fratrum,
1095 2776 1255 2822 sororum
1295 2755 1496 2824 caritatibus
1543 2756 1752 2855 explicetur:
1792 2752 1854 2838 qui
1904 2787 1907 2792 ·

325 2878 425 2944 ardor
444 2874 571 2940 amoris
590 2875 696 2943 semel
715 2873 878 2942 incitatus
904 2895 985 2942 cum
1008 2897 1077 2942 uua
1100 2876 1202 2942 domo
1223 2879 1297 2962 jam
1319 2876 1395 2958 cepi
1414 2871 1637 2957 non‘posatt,
1659 2881 1855 2956 sequuntur

326 2995 513 3070 amicitiae,
544 2991 731 3072 connubia,
763 2993 974 3074 adfinitates,
1016 3015 1112 3062 amor
1148 2994 1278 3079 patriae
1317 2991 1518 3080 generisque
1552 2986 1719 3066 humani,
1761 2987 1855 3071 qued
1887 3057 1891 3063 ἱ

327 3131 444 3178 omnes
472 3111 628 3176 omnium
659 3110 820 3178 caritates
843 3113 1106 3198 ,complectitun
1155 3113 1205 3182 Ut
1242 3123 1358 3182 autam
1386 3119 1571 3194 parentum
1603 3128 1683 3174 cum
1712 3101 1852 3179 libdrssa

328 3228 377 3295 sic
400 3238 660 3314 praeceptorem
682 3237 744 3299 ‚est
762 3249 842 3296 cum
869 3231 1047 3316 discipulis
1073 3233 1287 3320 conjunctim
1318 3252 1405 3317 quae
1425 3249 1536 3314 quum
1563 3234 1687 3292 nrutua
1709 3221 1874 3288 hancve-¹

330 3346 438 3412 lentie
465 3357 499 3415 et
523 3347 721 3414 studiorum
759 3349 998 3418 communione
1030 3349 1184 3430 nitatur,
1230 3359 1375 3416 naturae
1406 3352 1576 3416 humanae
1606 3341 1854 3432 praestantiam

329 3463 478 3533 maxime
503 3465 714 3535 manifestat.
762 3460 874 3534 Simul
893 3490 975 3538 vero
991 3472 1056 3538 hac
1082 3470 1209 3562 ameris
1230 3469 1345 3538 mutui
1371 3465 1619 3556 significatione
1642 3463 1855 3532 declaratur,

329 3600 398 3655 pon
416 3582 566 3668 corporis
600 3592 761 3664 tentum,
785 3589 845 3655 sed
870 3588 976 3655 animi
1003 3608 1140 3674 quoque
1162 3590 1216 3659 sui
1242 3608 1358 3656 amore
1386 3589 1479 3654 trahi
1503 3585 1679 3660 hemines,
1703 3581 1765 3666 qui
1785 3595 1854 3664 quo

329 3703 579 3783 praestantior,
602 3723 642 3770 eo
658 3702 726 3770 erit
747 3705 819 3789 ipse
839 3706 1026 3777 amantior:
1058 3727 1208 3792 cumque
1233 3707 1276 3772 ab
1295 3705 1371 3774 aliie
1395 3707 1592 3794 diligimur,
1624 3705 1686 3770 hoe
1716 3698 1857 3782 diligere

331 3824 457 3882 mutuo
483 3831 656 3889 atemere
692 3803 882 3904 discimus,
907 3849 949 3892 ex
973 3829 1147 3908 praeclara
1182 3828 1244 3894 illa
1280 3829 1407 3899 ueteris
1437 3825 1634 3912 philosophi
1663 3837 1764 3889 voce:
1787 3817 1857 3901 lpse

329 3929 486 4015 &vitm
500 3931 614 3994 classe.
651 3934 988 4014 ,Hammetmntea
999 3931 1205 4002 emeritae
1222 3935 1376 4016 exposite
1388 3949 1493 4010 eunt,
1514 3943 1695 4000 item
1709 3934 1858 3998 muime

332 4047 535 4120 adfirmare,
560 4045 648 4112 talea
664 4064 784 4114 revera
801 4067 895 4124 esse,
918 4047 1037 4130 quales
1058 4045 1112 4112 illi
1131 4046 1268 4132 ingenio
1289 4047 1356 4114 eibi
1383 4049 1570 4126 finxerint,
1596 4046 1761 4116 leminea
1807 4047 1859 4118 lle

332 4189 448 4241 unare
467 4164 521 4250 aui
539 4164 717 4266 vobiscum
730 4187 760 4242 Δο
779 4175 909 4244 veterae
933 4162 1151 4252 philesophi!
1180 4185 1249 4237 nen
1279 4167 1529 4253 pugnabimuet
1543 4229 1545 4237 ,
1558 4168 1618 4237 aed
1637 4187 1678 4232 ex
1703 4166 1861 4269 mimam

334 4288 425 4356 tium
450 4285 554 4350 hocce
581 4303 698 4355 amore
723 4287 915 4362 humanum
945 4284 1104 4361 existere,
1134 4283 1170 4350 id
1194 4292 1247 4352 cet
1285 4285 1379 4369 quod
1412 4288 1499 4370 md
1532 4285 1626 4370 paea
1653 4283 1861 4370 judicamus.

334 4402 463 4490 illum,
496 4423 599 4488 quem
622 4404 757 4471 arnandi
778 4402 976 4491 disciplinae
1001 4400 1143 4471 initium
1171 4401 1309 4480 dicitis,
1342 4423 1460 4471 vercor
1488 4424 1531 4472 ne
1562 4404 1670 4488 ipsius
1703 4405 1752 4474 eit
1775 4407 1856 4474 linis

337 4543 466 4608 vesque
486 4523 609 4606 pulcra
621 4522 733 4613 specie
752 4522 844 4610 cepti
866 4521 996 4591 nubem
1014 4542 1079 4606 pro
1096 4519 1229 4593 Junoue
1245 4523 1513 4606 amplectamini.
1536 4523 1654 4596 Neue
1670 4527 1860 4598 liberorum

336 4642 373 4718 in
404 4645 563 4728 parentes
598 4642 779 4729 impietae,
813 4661 891 4717 rara
924 4641 1075 4710 tratrem
1107 4641 1238 4729 gratia,
1274 4642 1354 4711 lites
1380 4648 1589 4732 eonjugium,
1627 4647 1858 4716 amicitiarum

338 4761 564 4843 instabilitas,
594 4763 779 4834 huminum
815 4761 1091 4844 populorumque
1131 4760 1328 4832 simultates
1366 4772 1403 4830 et
1425 4765 1502 4834 odie
1525 4769 1636 4852 deque
1664 4767 1863 4853 principatu
1974 4789 1977 4794 ·

339 4882 625 4952 contaminatam
648 4879 867 4969 quotidianae
895 4877 1140 4949 oboematioeia
1162 4891 1260 4958 sunt,
1291 4890 1333 4948 ut
1351 4885 1410 4954 rel
1434 4884 1470 4952 in
1488 4885 1668 4969 proverbia
1685 4879 1860 4952 omma
