4956 6246
691 797 735 868 26
946 796 1211 867 CORNELI}
1243 797 1412 872 PRUYS
1445 801 1550 874 VAN
1581 799 1684 875 DER
1718 807 1953 884 HOEVEN

686 1007 768 1090 ipso⁴
780 999 949 1091 principio
979 1015 1015 1073 et
1040 1019 1199 1076 nascente
1227 1012 1299 1076 fere
1328 1012 1498 1079 academia
1538 1013 1868 1103 Lugdunc·Batava
1899 993 1997 1082 fieret
2031 1021 2221 1087 sacrarium
2290 1073 2294 1078 -

686 1124 885 1192 litterarum
907 1135 1010 1212 atque
1028 1131 1119 1194 alma
1137 1129 1314 1197 Musarum
1331 1134 1445 1212 sedes,
1466 1135 1573 1202 bonae
1598 1137 1746 1224 denique
1767 1138 1899 1204 artium
1917 1136 2221 1229 doctrinarumque

684 1261 820 1309 caussae
846 1244 1085 1311 firmissimum
1124 1254 1433 1338 propugnaculum.
1479 1253 1612 1321 Horum
1645 1253 1687 1322 ad
1722 1257 1900 1342 exemplar
1929 1277 1969 1321 ca
1992 1257 2088 1324 vobis
2114 1261 2220 1328 firma·

685 1371 755 1429 stat
780 1368 972 1443 sententia,
996 1370 1094 1432 nulla
1115 1369 1290 1436 remelius
1310 1381 1369 1437 aut
1396 1372 1510 1456 aptius
1537 1372 1748 1441 institutioni
1776 1377 1972 1441 consultum
1990 1377 2083 1454 scre,
2114 1395 2219 1462 quam

685 1479 839 1546 virorum
869 1482 984 1567 pulcri
1012 1484 1151 1568 verique
1183 1507 1299 1554 amore
1326 1510 1366 1554 ao
1394 1489 1509 1556 studio
1537 1491 1758 1580 flagrantium
1782 1495 1973 1579 disciplina.
2018 1491 2105 1560 Nam
2136 1499 2220 1582 quid

685 1620 822 1680 musea,
859 1605 943 1689 quid
969 1604 1222 1685 bibliothecae,
1249 1607 1332 1692 quid
1359 1609 1456 1675 aedes
1485 1610 1664 1694 publicae,
1697 1633 1751 1680 res
1782 1614 1867 1680 istae
1899 1616 2107 1684 inanimatae
2130 1619 2217 1704 quid

685 1728 849 1804 prosunt,
878 1722 942 1786 nisi
966 1724 1109 1808 spiritus
1138 1727 1233 1794 intus
1257 1731 1329 1793 alat
1355 1729 1605 1815 hominumque
1627 1731 1762 1818 ingenio
1783 1736 2045 1803 foecundentur.
2092 1735 2214 1823 Itaque

682 1837 830 1922 pergite,
854 1839 919 1904 viri
938 1842 1159 1924 amplissimi!
1185 1862 1239 1908 res
1255 1855 1390 1910 nostras
1416 1868 1534 1915 curare
1556 1861 1591 1916 et
1606 1853 1798 1919 communis
1816 1863 1947 1920 servate
1969 1863 2042 1920 tam
2060 1845 2213 1940 patriae,

683 1973 788 2040 quam
813 1957 1003 2022 academiae
1028 1956 1199 2022 amorem!

726 2070 792 2136 Nos
828 2075 977 2158 collegae
1015 2074 1301 2161 conjunctissimi!
1343 2077 1496 2161 ejusdem
1538 2085 1706 2162 praeclari
1742 2094 1894 2159 muneris
1931 2105 1966 2162 et
1999 2094 2105 2162 officii
2135 2094 2219 2160 sccii

682 2192 824 2277 parique
858 2193 987 2258 artium
1022 2201 1058 2258 et
1091 2195 1314 2261 scientiarum
1339 2196 1456 2259 studio
1485 2199 1641 2280 cognati,
1677 2219 1782 2264 unam
1813 2218 1954 2274 tuemur
1983 2211 2212 2277 iustitutionis

680 2313 890 2380 academicae
918 2332 1090 2379 caussam:
1126 2315 1286 2404 quodque
1312 2313 1440 2400 singuli
1469 2315 1598 2382 efficere
1623 2329 1801 2403 nequeunt
1830 2320 1866 2385 id
1894 2325 2025 2407 Junctis
2048 2329 2215 2396 enitimur

680 2435 844 2518 perficere
862 2431 993 2501 viribus
1011 2479 1019 2510 ,
1036 2443 1078 2500 ut
1100 2436 1142 2501 ad
1157 2453 1294 2501 omnem
1315 2434 1560 2502 humatitatem
1585 2454 1791 2522 omnemque
1811 2437 1937 2525 ingenii
1959 2445 2094 2507 cultum
2111 2444 2219 2511 infcr-

680 2564 794 2620 metur
815 2557 976 2641 juventus
994 2555 1195 2620 academica.
1241 2551 1311 2622 Vos
1333 2556 1530 2622 litterarum
1553 2558 1797 2622 humaniorum
1814 2555 2020 2642 interpretes
2035 2560 2215 2645 acpriscae

679 2673 871 2741 venustatis
901 2675 931 2740 ei
947 2675 1132 2762 elegantiae
1157 2673 1332 2741 custodes!
1355 2679 1464 2742 seculi
1496 2679 1605 2744 nostri
1638 2677 1833 2744 barbariem
1856 2674 1899 2741 ab
1927 2676 2001 2761 ipsa
2016 2677 2213 2763 propellitis

677 2797 774 2881 eique
796 2797 962 2862 eximium
988 2797 1066 2862 illid
1094 2796 1208 2881 pulcri
1238 2796 1410 2878 exemplar
1438 2797 1664 2880 spectandum
1688 2796 1847 2870 obiectis,
1878 2793 1992 2877 ipsum
2016 2795 2052 2858 iu
2089 2799 2212 2878 pulcro

676 2889 842 2980 sectantes
853 2934 985 2978 verum.
998 2911 1067 2980 Vos
1078 2912 1314 2978 mathematici
1324 2923 1359 2978 et
1369 2916 1502 2998 physici
1516 2913 1523 2980 Ι
1538 2916 1621 2981 huic
1630 2937 1752 2982 verum
1767 2913 2001 2980 contuendum
2014 2914 2216 2980 monstratis

676 3043 712 3098 et
732 3033 769 3096 in
784 3054 887 3110 vero,
911 3033 1004 3115 quod
1020 3032 1110 3096 inest
1126 3065 1134 3103 t
1152 3033 1316 3117 pulcrum
1331 3075 1338 3100 .
1351 3036 1542 3118 exponitis:
1567 3036 1707 3120 utrique
1724 3034 1760 3098 in
1780 3036 1902 3118 pulcro
1920 3041 1955 3098 et
1975 3054 2055 3098 vero
2076 3055 2201 3109 uuam,

675 3171 744 3236 qua
762 3152 958 3227 excellunt,
976 3151 1161 3234 sequimini
1176 3153 1449 3237 simplicitatem.
1476 3152 1530 3222 Sic
1550 3177 1619 3222 non
1634 3165 1828 3221 vestrarum
1847 3150 2108 3234 disciplinarum
2134 3152 2213 3217 cul·
2271 3213 2279 3227 χ

674 3269 806 3337 toribus
820 3267 956 3336 tantum
967 3315 976 3348 ,
987 3291 1108 3336 verum
1127 3270 1231 3336 etiam
1244 3270 1412 3357 theologis
1428 3316 1436 3344 ,
1443 3271 1706 3358 jureconsultis,
1718 3268 1857 3335 medicis
1867 3268 2027 3350 prodesse
2044 3265 2208 3333 studetis:

674 3391 782 3474 iisque
800 3388 975 3473 profuturi
995 3389 1099 3464 estis,
1124 3398 1297 3474 quotquot
1315 3387 1491 3477 bonarum
1517 3391 1645 3456 artium
1664 3411 1703 3454 ac
1725 3386 1984 3472 disciplinarum
2004 3385 2117 3452 studia
2133 3405 2211 3452 vere

673 3512 830 3598 diligant.
877 3507 927 3574 De
958 3509 1218 3594 disciplinarum
1247 3511 1317 3576 sive
1352 3511 1531 3588 utilitate,
1562 3512 1632 3576 sive
1672 3507 1881 3595 praestantia
1915 3506 2007 3569 inter
2040 3524 2100 3568 nos
2138 3521 2208 3568 nou

674 3628 913 3717 pugnabimus.
960 3625 1046 3693 Nam
1057 3639 1110 3696 est
1131 3628 1253 3716 cuique
1264 3652 1326 3696 sua
1345 3631 1387 3696 ad
1402 3629 1580 3697 hominem
1599 3631 1804 3697 exciendum
1825 3623 1959 3714 egregia
1974 3625 2024 3690 vis
2045 3635 2079 3690 et
2098 3625 2213 3688 effica-

674 3749 770 3813 citas.
814 3743 880 3813 Sed
898 3748 941 3812 de
957 3748 1112 3814 veritatis
1132 3770 1248 3815 amore
1273 3751 1419 3836 hujusve
1441 3749 1630 3816 stabilitate
1653 3759 1688 3816 et
1710 3744 1904 3816 constantia
1922 3745 2086 3826 pulcrum
2108 3737 2207 3805 nobis

673 3875 846 3932 certamen
873 3862 1062 3928 ineundum
1096 3876 1169 3942 est,
1203 3867 1239 3927 in
1268 3887 1337 3949 quo
1359 3865 1419 3948 qui
1449 3875 1666 3948 perseverent
1698 3888 1737 3931 ac
1765 3869 1943 3952 perstent,
1973 3880 2029 3924 eos
2058 3859 2209 3942 primos,

673 4003 729 4049 eos
767 3980 965 4068 principes,
1007 4003 1063 4043 eos
1102 3987 1252 4064 optimos
1288 3985 1324 4045 in
1361 3986 1426 4046 hac
1462 3995 1579 4046 nostra
1609 3984 1795 4080 'republica
1812 3981 1918 4072 ⁸viros
1961 3979 2204 4046 satumbimus.

674 4098 813 4177 Nescio,
840 4098 925 4182 quid
950 4095 1008 4161 alii
1044 4095 1203 4162 sentiant.
1250 4094 1335 4160 Mihi
1362 4095 1490 4161 nullibi
1513 4096 1621 4182 magis
1653 4095 1882 4162 institutionis
1914 4095 2124 4162 academicae
2153 4095 2206 4164 vis

675 4232 779 4305 atque
801 4216 925 4283 eximia
945 4215 1077 4282 indoles
1106 4214 1257 4280 eminere
1274 4215 1432 4292 videtur,
1460 4236 1564 4299 quam
1587 4213 1623 4277 in
1647 4217 1767 4298 pulcro
1792 4215 1857 4281 hoc
1879 4213 2008 4280 civium
2033 4213 2206 4280 academi-

676 4359 797 4408 corum
823 4337 864 4401 de
894 4337 967 4402 veri
990 4357 1106 4402 amore
1134 4334 1333 4403 certamine.
1378 4317 1464 4400 itam
1483 4335 1549 4401 hoc
1576 4334 1714 4418 quidem
1731 4355 1800 4404 non
1821 4354 1900 4418 opes
1920 4343 2106 4418 parantur,
2135 4353 2205 4398 non

678 4447 805 4548 gloria,
828 4474 898 4520 non
924 4467 1095 4540 potestas,
1120 4455 1180 4521 sed
1209 4455 1324 4521 animo
1352 4455 1572 4544 ingeneratur
1595 4456 1726 4532 virtus,
1755 4474 1841 4539 quae
1870 4453 2045 4518 nobilitat.
2091 4447 2204 4517 Unam

677 4577 784 4664 igitur
827 4571 1051 4639 concordibus
1095 4573 1217 4639 animis
1254 4576 1508 4662 rempublicam
1537 4580 1624 4642 hanc
1661 4575 1870 4642 litterariam
1900 4592 2081 4648 curemus,
2120 4589 2208 4654 quae

677 4707 762 4764 tunc
788 4695 937 4758 maxime
964 4693 1121 4764 florebit.
1151 4714 1261 4778 quum
1290 4717 1360 4764 uon
1388 4696 1486 4762 nobis
1515 4706 1720 4782 nostraeque
1750 4693 1908 4759 scientiae
1929 4694 2115 4767 duntaxat,
2141 4688 2207 4755 sed

677 4816 760 4882 huic
777 4812 936 4897 inprimis
964 4815 1154 4880 academiae
1172 4815 1379 4900 vixerimus,
1410 4835 1629 4910 communem
1658 4815 1694 4880 in
1713 4813 1849 4900 privata
1876 4818 2043 4905 cujusque
2066 4821 2101 4878 et
2119 4831 2204 4897 pro-
