4956 6246
819 842 823 850 .
942 775 1221 848 ORATIO.
1791 783 1832 847 ld

309 979 438 1046 citatos.
484 973 539 1042 Ad
560 975 648 1040 hanc
674 977 786 1044 omnis
806 979 987 1047 hominum
1011 983 1184 1056 institutio
1207 981 1278 1048 sire
1296 957 1448 1067 privata,
1477 978 1549 1044 sire
1572 978 1731 1063 publica,
1761 984 1832 1050 s'ire

309 1095 438 1180 prima,
452 1093 524 1162 sire
536 1094 661 1161 ultima
674 1095 811 1182 ipsaque
832 1101 914 1166 adeo
924 1101 1095 1168 academia
1106 1102 1340 1185 componenda
1356 1108 1421 1165 est.
1440 1094 1490 1163 Ac
1508 1097 1537 1162 si
1556 1118 1595 1162 ea
1610 1096 1831 1181 potissimum

309 1217 475 1282 laudanda
498 1217 557 1282 sit·
571 1216 747 1300 doctrina,
772 1237 858 1300 quae
886 1228 1051 1303 tanquam
1082 1217 1314 1284 doctrinarum
1340 1225 1450 1282 mater
1475 1227 1511 1284 et
1529 1239 1650 1302 parens
1676 1217 1832 1303 aprimis

310 1333 388 1398 inda
400 1332 507 1400 initiis
519 1335 561 1398 ad
571 1335 714 1402 ultimos
726 1357 834 1424 usqua
853 1340 939 1406 fines
957 1360 1010 1405 res
1027 1339 1170 1405 deducat
1188 1359 1324 1424 unoque
1333 1338 1500 1422 principio
1512 1326 1633 1404 rerurn'
1643 1345 1678 1402 et
1688 1335 1833 1423 origines

311 1463 346 1520 et
368 1463 528 1519 eventum
551 1459 820 1538 complectatur,
847 1480 951 1542 quam
979 1459 1119 1524 tandem
1142 1461 1272 1543 majore
1293 1459 1394 1523 lauda
1422 1457 1636 1526 celebrabitis
1662 1459 1743 1541 prae
1772 1478 1832 1532 ea,

310 1589 395 1654 quae
422 1571 573 1656 abipsa,
600 1594 703 1658 quam
722 1578 929 1661 pollicetur,
954 1576 1107 1643 utilitate
1128 1577 1458 1642 commandationem
1482 1576 1586 1642 habet
1604 1574 1833 1641 maximam.»

354 1689 405 1754 Ex
420 1693 484 1756 hac
499 1692 553 1757 sui
571 1691 677 1777 ipsius
696 1696 891 1763 laudatione
908 1695 1162 1782 intelligimus,
1183 1716 1257 1760 eam
1281 1715 1343 1762 nec
1360 1696 1456 1781 parri
1479 1695 1724 1763 aestimandam
1743 1716 1833 1776 esse,

309 1829 419 1895 neque
441 1813 579 1900 exiguos
600 1817 734 1882 fructus
755 1817 973 1901 promittere.

329 1930 544 2018 Quapropter
569 1933 689 2017 lubet,
714 1933 906 2019 periculum
932 1936 1042 1999 lacere
1064 1936 1136 2014 ejus
1161 1952 1307 2018 eamque
1326 1933 1536 2015 interrogare
1559 1943 1594 1996 et
1620 1932 1832 2013 perquirere,

307 2049 391 2140 qnid
417 2074 457 2117 ex
483 2074 521 2118 ea
550 2056 593 2119 ad
612 2075 729 2121 reram
755 2048 985 2119 institutionis
1018 2042 1227 2107 academicae
1255 2043 1482 2128 cognitionem
1507 2045 1738 2125 proficiamus.
1782 2051 1836 2113 Ad

307 2189 412 2253 quam
441 2174 676 2250 quaestionem
696 2165 780 2244 quid
812 2165 885 2240 ipsa
907 2158 1130 2238 respondeat,
1151 2179 1226 2224 -uos
1260 2161 1290 2225 si
1320 2161 1446 2226 aveatis
1477 2159 1581 2237 scire,
1609 2161 1725 2228 audite
1757 2183 1834 2228 eam

307 2287 432 2350 diserte
475 2304 513 2344 ac
547 2276 774 2361 probabiliter
817 2273 1053 2341 disserentem.
1102 2296 1120 2338 u
1137 2272 1336 2342 Academias
1380 2278 1668 2360 quemadmodum
1701 2278 1834 2349 utilitas

307 2395 479 2472 condidit,
504 2415 565 2459 ceu
587 2391 823 2460 doctrinarum
843 2389 1042 2476 quarumris
1068 2392 1252 2460 seminaria
1264 2443 1284 2479 ‚,
1306 2417 1344 2462 ac
1371 2399 1610 2483 theologorum
1621 2417 1635 2474 ,·
1657 2397 1833 2466 litterato-

305 2539 401 2592 rum,
421 2517 766 2602 jureconsultorum,
792 2511 1005 2578 medicorum
1030 2512 1199 2590 officinas,
1229 2514 1279 2580 ita
1303 2514 1339 2578 in
1363 2517 1458 2582 omni
1482 2517 1672 2584 academica
1689 2519 1835 2587 institn-

300 2639 398 2704 tione
410 2657 427 2713 ,·
439 2636 523 2720 quid
543 2635 651 2713 utile,
669 2631 753 2716 quid
772 2651 861 2707 non,
878 2642 957 2698 ante
975 2632 1092 2698 omnia
1105 2654 1144 2698 ac
1163 2635 1342 2718 praecipue
1364 2639 1555 2704 curandum
1576 2648 1641 2705 eet.
1685 2637 1834 2732 Linguae

306 2755 468 2823 Latinae.
487 2763 529 2820 ut
548 2753 590 2818 ab
609 2774 649 2819 ea
668 2751 890 2835 incipiamus,
916 2772 1004 2836 quae
1026 2752 1229 2818 eruditionis
1247 2754 1457 2839 principium
1475 2757 1578 2840 vulgo
1604 2755 1769 2834 habetur,
1795 2777 1835 2824 aa

305 2871 431 2938 sufficit
459 2871 603 2950 notitia,
625 2891 799 2957 qua.cpus
828 2883 881 2940 est
905 2873 948 2938 ad
979 2875 1210 2956 professorum
1230 2878 1362 2940 scholas
1384 2895 1464 2940 cum
1497 2877 1615 2942 fructu
1642 2879 1832 2957 adeundas,

305 3010 452 3074 quarum
472 2989 646 3074 plurimae
674 3000 715 3057 ut
734 2991 847 3076 patrio
865 3013 1022 3059 sermone
1040 2993 1252 3070 habeantur,
1275 2993 1310 3058 in
1329 2993 1418 3060 votis
1442 3002 1505 3058 ast.
1550 2989 1680 3058 Graeca
1696 2992 1752 3060 vix
1770 2995 1835 3060 nisi

307 3108 473 3196 theologis
500 3119 535 3176 et
555 3109 808 3178 litteratoribus
837 3113 996 3179 convenit
1023 3121 1058 3180 et
1076 3111 1146 3178 illis
1168 3113 1308 3198 quidem
1333 3111 1461 3178 Graeca
1480 3111 1663 3189 Hebraica,
1691 3116 1833 3182 caeteris

267 3241 270 3249 '
307 3239 474 3314 quantum
492 3231 682 3315 requiritur
703 3234 745 3298 ad
760 3236 1005 3300 nonnullarum
1028 3255 1175 3309 vocum,
1214 3230 1341 3316 quibus
1361 3231 1397 3296 iu
1425 3230 1575 3298 scientiis
1597 3230 1726 3315 quique
1761 3233 1833 3298 auis

305 3359 478 3426 utuntur,
500 3352 779 3438 intelligentiam.
826 3350 897 3421 Cur
919 3353 1026 3440 igitur
1048 3350 1146 3437 pueri
1162 3350 1433 3435 quinquennium
1450 3347 1503 3414 bis
1524 3348 1650 3416 litteris
1671 3349 1707 3414 in
1725 3349 1834 3434 Gym-

305 3468 399 3534 nasio
418 3469 642 3536 insudarent?
666 3471 930 3558 Propaedeutica
948 3494 1053 3559 quam
1065 3472 1304 3556 compendiosa
1312 3468 1488 3554 magisque
1505 3468 1684 3534 fructuosa
1694 3470 1833 3546 forent,

305 3588 442 3669 quando
457 3609 563 3655 unam
583 3591 742 3658 audirent
756 3592 965 3659 utilitatem!
990 3590 1082 3678 Quid
1100 3591 1282 3668 mathesis,
1308 3589 1392 3675 quid
1411 3584 1521 3670 logica
1546 3586 1588 3650 ad
1607 3586 1833 3673 theologiam,

307 3703 348 3764 etl
364 3705 676 3790 jurisprudentiam
692 3711 864 3790 attinent,
886 3733 1035 3796 quarum
1056 3713 1119 3778 illa
1140 3733 1180 3779 ax
1202 3689 1269 3777 fide
1286 3719 1322 3776 et
1340 3706 1455 3774 codice
1469 3727 1582 3784 sacro,
1599 3709 1684 3774 haec
1703 3711 1834 3792 exlege

304 3817 433 3897 scripta
467 3828 580 3887 omnis
611 3827 762 3909 pendet?
803 3827 975 3894 Medicum
1007 3828 1090 3911 quid
1125 3829 1263 3892 litterae
1292 3835 1442 3901 veteres,
1477 3824 1713 3908 philosophiae
1749 3824 1835 3909 quid

303 3935 463 4017 juvarent
474 3937 609 4003 studia,
631 3945 731 4014 eujus
752 3951 828 4006 tota
840 3962 896 4004 arr
911 3934 1124 4016 experientia
1145 3933 1270 3998 nititur
1286 3935 1413 4018 quique
1424 3938 1648 4002 morbosnon
1665 3940 1835 4018 eloquen-

310 4051 380 4125 tia,
403 4047 463 4114 sed
479 4045 640 4113 remediis
656 4058 837 4115 curaturus
858 4059 922 4115 est.
970 4049 1129 4116 Butanioe
1147 4063 1229 4116 vera
1247 4057 1282 4114 et
1309 4049 1446 4133 chymia
1463 4059 1498 4116 et
1520 4051 1672 4138 uoologia
1694 4067 1833 4124 conten·

307 4169 436 4236 tussit
464 4165 760 4253 pharmaceutica,
796 4168 821 4233 i.
858 4190 886 4235 e.
929 4153 1129 4253 plantarum
1155 4168 1435 4254 'animaliumque
1466 4187 1586 4234 eorum
1621 4172 1833 4258 cognitione,

308 4305 458 4376 quorum
474 4290 510 4352 in
534 4289 648 4356 codice
664 4289 942 4374 pharmaceutico
957 4289 1000 4355 fit
1015 4288 1145 4354 mentio
1164 4296 1199 4353 et
1212 4308 1400 4370 paucorum
1417 4289 1619 4358 animalium
1637 4304 1833 4378 praeterea,

224 4459 230 4464 .
309 4427 456 4493 quorum
476 4411 626 4474 maxima
642 4419 694 4474 est
708 4429 788 4475 oum
808 4409 948 4474 bomine
965 4408 1177 4475 similitudo:
1201 4407 1381 4475 simiarum
1402 4408 1601 4495 praecipue:
1625 4433 1708 4480 arum
1726 4416 1834 4484 simia

308 4549 412 4614 quum
431 4526 566 4592 similis
584 4529 790 4614 turpissima
814 4525 922 4594 burra
949 4526 1063 4596 uobia.'
1592 4543 1595 4550 '

351 4645 442 4714 Haec
466 4647 801 4733 depropaedeuticis.
846 4643 1044 4732 Sequuntur
1066 4648 1201 4735 reliqua
1219 4651 1419 4734 quorumvis
1437 4652 1673 4722 doctrinarum
1695 4659 1831 4737 studia,

308 4763 345 4828 in
368 4769 514 4852 quibua,
539 4789 619 4835 cum
635 4769 747 4836 virtus
762 4765 893 4834 actione
918 4778 1072 4838 constet.
1102 4777 1144 4834 ut
1175 4770 1327 4855 practica
1346 4770 1432 4854 sint,
1457 4772 1615 4858 inprimis
1634 4755 1832 4844 enitendum

310 4893 372 4950 eat.
418 4885 612 4976 Theologus
639 4888 745 4976 igitur
776 4888 968 4957 concionari
991 4887 1209 4974 potissimum
1231 4891 1338 4958 discat
1366 4912 1405 4959 ac
1430 4913 1554 4976 pravos
1574 4897 1693 4980 populi
1716 4915 1828 4960 mores
