4918 6254
635 755 679 824 ιι
1036 739 1771 866 ssu1usu‘scr10uuu.

745 958 867 1026 Artem
887 953 1133 1028 Obstetriciam
1144 963 1382 1030 Theoreticam
1393 974 1430 1030 et
1439 963 1626 1031 Practicam
1642 959 1799 1034 docebit,
1818 956 1938 1026 diebus

787 1075 924 1156 Lunae,
956 1077 1097 1158 Martis,
1123 1080 1284 1148 Mercurii
1310 1090 1345 1146 et
1367 1079 1461 1148 iovis
1528 1126 1538 1149 .
1587 1126 1596 1145 .
1645 1127 1655 1147 .
1701 1093 1713 1148 .’
1760 1125 1769 1144 .
1816 1121 1826 1140 ·
1873 1119 1883 1141 ·
1929 1121 1939 1144 .
2016 1075 2101 1143 bort
2145 1075 2188 1142 X.

689 1237 692 1242 -
739 1191 944 1262 Medicinam
960 1193 1161 1274 Forensem,
1187 1197 1241 1264 die
1263 1196 1424 1264 Mercurii
1450 1207 1487 1266 et
1505 1196 1648 1265 Veneris
1696 1237 1936 1264 .....
2157 1190 2187 1258 I·

654 1311 701 1380 M.
723 1311 756 1377 J.
769 1311 1047 1420 MACQUELYN
1064 1327 1100 1384 et
1121 1313 1161 1384 C.
1173 1315 1313 1388 PRUYS
1329 1317 1421 1388 VAN
1433 1315 1525 1388 DER
1543 1313 1725 1386 HOEVEN
1742 1310 1937 1396 dispdtrndi

695 1430 863 1498 exercitiis
896 1437 1100 1518 praeerunt,
1139 1435 1193 1502 die
1218 1436 1313 1504 iovis
1358 1475 1946 1508 ...........
2127 1427 2189 1494 111.

1012 1668 1401 1740 FACULTAS
1446 1663 1820 1740 JURIDIC'A.

653 1897 694 1967 ii.
716 1898 760 1968 G.
781 1898 997 1968 TYDEMAN
1028 1901 1333 1989 Encyclopaediam
1368 1903 1459 1968 Juris
1492 1905 1622 1979 undet,
1654 1905 1773 1969 diebu's
1803 1900 1945 1984 Martis,

696 2019 859 2088 Mercurii
880 2032 916 2087 et
937 2021 1028 2094 iovis
1057 2063 1928 2089 ................
2108 2015 2186 2082 ΧΠ.

744 2137 971 2206 Oeconomiae
1000 2139 1165 2205 Politicae
1207 2138 1393 2222 principia,
1435 2140 1477 2203 ad
1517 2139 1648 2202 librum
1679 2133 1771 2202 Ciar.
1808 2151 1941 2208 serron,

788 2248 1102 2344 Gronddegimelerr
1144 2255 1206 2320 der
1246 2252 1651 2323 Stoateltuieitoudkunde
1685 2253 1698 2342 (
1710 2251 1859 2325 Leiden,
1893 2248 1938 2335 bij

789 2369 1020 2448 Luchtmans,
1053 2373 1161 2456 1839)
1197 2341 1353 2451 docebit,
1392 2373 1446 2441 die
1475 2374 1590 2439 Lunae
1635 2417 1646 2438 .

837 2499 873 2555 et
900 2487 955 2555 die
991 2487 1132 2558 Veneris
1182 2530 1937 2562 ..............
1983 2483 2031 2552 xl
2054 2496 2089 2554 et
2111 2485 2188 2554 ΧΠ.

754 2608 970 2680 stetisticsm·
980 2608 1113 2677 Patriae
1130 2611 1319 2688 describet,
1347 2611 1466 2678 dicbus
1486 2610 1627 2689 Martis,
1644 2604 1829 2682 Mercurii,
1850 2601 1943 2671 Jovis

791 2740 827 2797 et
858 2727 1001 2796 Veneris
1057 2767 1067 2794 .

748 2849 839 2915 Juris
884 2844 1079 2912 Mercatorii
1112 2843 1260 2930 Belgici,
1314 2868 1354 2913 ex
1391 2863 1483 2913 novo
1520 2843 1662 2921 Codice,
1699 2843 1941 2911 institutiones

795 2963 929 3030 tradere
956 2971 1098 3043 paratus
1128 2971 1192 3025 est.

664 3081 704 3150 C.
728 3080 760 3148 i.
791 3077 882 3148 VAN
913 3075 1047 3143 ASSEN
1086 3077 1378 3163 interpretabitur
1415 3078 1521 3144 libros
1553 3077 1794 3167 Digestorum,
1822 3083 1941 3148 diebus

681 3173 842 3276 'Martia
871 3197 963 3265 iovis
984 3206 1020 3263 et
1042 3193 1180 3262 Saturni
1241 3237 1941 3267 .............
2090 3199 2186 3272 VIII,

749 3317 989 3384 Institutiones
1009 3314 1101 3384 iuris
1119 3313 1237 3382 Civilis
1257 3313 1423 3391 Romani,
1447 3315 1566 3381 diebus
1590 3313 1706 3381 Lunae
1727 3325 1763 3383 et
1780 3314 1941 3386 Mercurii
2010 3317 2112 3385 lx-
2125 3319 2188 3386 xl.

750 3435 833 3503 Gau
855 3435 1128 3503 Commentarios
1144 3431 1422 3514 institutionum,
1443 3442 1478 3499 et
1495 3435 1637 3501 selectos
1657 3444 1839 3501 auctorum
1855 3437 1944 3502 clas·

794 3557 945 3623 cicorum
960 3557 1051 3620 iocos
1075 3556 1118 3620 ad
1135 3551 1193 3620 ius
1214 3551 1322 3620 Civile
1346 3553 1578 3637 pertinentes,
1607 3554 1662 3619 die
1687 3553 1831 3624 Veneris
1875 3599 1885 3624 .
1934 3602 1944 3624 .
2013 3554 2061 3622 iii
2071 3529 2185 3622 -'x1.

750 3676 810 3743 ius
835 3673 945 3742 Civile
970 3675 1190 3748 hodiernum,
1223 3671 1361 3746 diebus,
1388 3665 1522 3749 Lunae,
1551 3671 1713 3739 Mercurii
1740 3683 1776 3739 et
1801 3671 1942 3742 Veneris
2094 3669 2185 3740 v111.

652 3794 655 3802 '
749 3793 914 3863 Ordinem
940 3793 1151 3882 judiciorum
1173 3802 1208 3858 e't
1226 3813 1300 3858 rem
1318 3791 1536 3880 judiciariam
1552 3795 1724 3881 privatam
1742 3814 1823 3862 cum
1840 3813 1935 3862 exer·

794 3911 1013 3980 citationibus
1038 3911 1247 3997 forensibus,
1279 3913 1333 3979 die
1355 3911 1477 3982 Martis
1533 3959 1940 3984 ........
2143 3909 2186 3978 Χ.

837 4037 873 4092 et
900 4028 955 4092 dic
979 4027 1070 4091 iovis
1127 4065 1938 4094 ...............
2034 4025 2066 4090 X
2081 4036 2116 4092 et
2129 4027 2189 4094 xl.

659 4144 702 4210 ii.
737 4138 858 4207 COCK
908 4141 1021 4207 tradet
1057 4135 1118 4203 ius
1150 4137 1331 4215 Naturale,
1381 4141 1500 4208 diebus
1528 4141 1664 4224 Lunae,
1705 4136 1867 4207 Mercurii
1903 4148 1938 4204 et

710 4257 851 4326 Veneris
893 4304 1934 4328 ...................
2097 4261 2190 4332 v111.

746 4374 806 4442 ius
831 4375 1012 4440 Publicum
1041 4387 1076 4442 et
1107 4375 1291 4454 Gentium,
1319 4377 1439 4446 diebus
1466 4380 1581 4446 Lunae
1595 4373 1762 4464 ,Martie,
1782 4378 1943 4450 Mercurii

746 4615 806 4682 ius
818 4613 1022 4689 criminale
1032 4614 1150 4680 diebus
1164 4613 1296 4693 Lunae,
1306 4613 1446 4693 Martis,
1455 4615 1639 4696 Mercurii,
1648 4616 1740 4687 iouis
1753 4628 1788 4687 et
1798 4617 1941 4687 Veneris
2129 4617 2192 4687 tx.

656 4735 687 4803 J.
709 4733 751 4800 u.
767 4729 1032 4802 THORBECKE
1072 4728 1255 4817 explicabit
1283 4731 1467 4802 Historiam
1504 4735 1596 4804 iuris
1623 4737 1786 4818 Romani,
1826 4734 1945 4806 diebus

703 4855 847 4936 Martis,
874 4855 965 4923 iovis
993 4865 1029 4926 et
1055 4849 1194 4920 Veneris
1241 4899 1947 4926 .............
2131 4853 2190 4935 IX,
