4956 6246
643 782 684 842 η
908 751 1158 852 eorunm
1191 783 1356 854 soors
1388 769 1496 856 vsu
1527 785 1622 856 oua
1657 787 1872 860 uosvun

640 979 715 1065 Quo
737 984 844 1069 magis
872 985 1011 1052 veritati
1029 999 1294 1055 consentaneum
1329 1000 1380 1058 est
1407 991 1497 1056 illud
1524 992 1723 1058 recentioris
1746 993 1943 1076 philosophi
1966 994 2160 1078 placitum:

638 1100 789 1166 homino
812 1116 942 1170 notura
960 1095 1095 1172 osrsori
1120 1104 1370 1170 ineruditione
1386 1109 1547 1193 perpetui
1563 1106 1649 1172 tutte·
1674 1109 1826 1173 omnium
1853 1119 1972 1172 contro
1994 1130 2115 1174 omnes.

683 1221 736 1286 En
747 1225 997 1310 philosophiam
1009 1228 1241 1311 philosophiae
1250 1238 1672 1314 repugnantem,quarum
1681 1237 1723 1294 ut
1735 1231 1844 1295 altera
1852 1229 1979 1313 pulcri,
1995 1229 2161 1294 sicaltera

640 1343 709 1407 veri
737 1365 808 1410 sese
824 1349 935 1430 specie
956 1346 1191 1414 commendare
1204 1345 1353 1411 videtur!
1378 1345 1502 1427 Ecquis
1514 1343 1612 1408 nobis
1622 1347 1715 1411 hunc
1729 1347 1858 1412 nodum
1870 1343 2004 1410 solvet?
2028 1344 2159 1411 lterum

638 1460 681 1524 ad
689 1457 864 1529 Socratem
883 1475 1115 1539 revertamur,
1139 1462 1373 1546 philosophiae
1392 1469 1594 1546 parentem,
1614 1461 1675 1546 qui
1698 1465 1777 1547 quia
1788 1466 1918 1530 discere
1935 1484 2086 1528 amorem
2101 1465 2164 1530 ho·

637 1580 746 1646 mines
771 1596 929 1667 oportere
945 1595 1107 1660 noverat,
1129 1582 1264 1646 amandi
1281 1581 1497 1666 disciplinam
1518 1581 1690 1664 professus
1710 1591 1774 1650 est.
1821 1583 1945 1649 Latent
1970 1582 2108 1665 quidem
2126 1582 2162 1646 in

637 1695 774 1763 homine
793 1703 1002 1785 optimarum
1025 1705 1196 1770 virtutum
1214 1704 1366 1780 semina,
1391 1705 1451 1769 sed
1469 1703 1534 1767 nisi
1551 1703 1736 1788 irrigentur
1754 1715 1788 1772 et
1804 1709 1985 1773 foveantur
2000 1748 2009 1778 ,
2024 1723 2162 1786 corpore

637 1829 798 1896 oppressa
814 1821 923 1886 latent
952 1833 1201 1907 aeternumque
1229 1823 1402 1890 latebunt.
1447 1824 1492 1888 Et
1516 1825 1807 1908 quemadmodum
1836 1825 1871 1889 in
1899 1844 2015 1889 rerum
2039 1831 2163 1886 natura

636 1928 719 1992 solis
739 1937 897 1998 caloreac
920 1939 999 1998 luce
1016 1947 1051 2000 et
1073 1950 1232 2004 crescunt
1261 1952 1296 2007 et
1314 1944 1530 2008 efflorescunt
1557 1964 1687 2029 suoque
1713 1954 1868 2028 tempore
1888 1945 2023 2008 fructus
2045 1943 2163 2005 ferunt

636 2047 794 2118 arbores,
814 2050 864 2114 sic
887 2051 1068 2116 hominum
1095 2053 1200 2116 animi
1231 2075 1367 2130 amore,
1399 2065 1562 2139 tanquam
1590 2063 1684 2134 sole,
1713 2061 1883 2127 illustrari
1911 2071 1946 2126 et
1967 2055 2162 2124 foecundari

637 2163 773 2232 dehent.
811 2165 919 2234 Amor
931 2188 1085 2235 amorem
1104 2171 1215 2254 parit:
1240 2171 1276 2237 id
1299 2173 1358 2257 qui
1370 2174 1450 2249 fiat,
1469 2172 1605 2236 amandi
1624 2173 1805 2254 disciplina
1825 2167 1972 2238 Socratis
1990 2178 2163 2237 docemur.

682 2285 746 2352 Est
774 2298 891 2355 autem
916 2290 1158 2356 discernendus
1182 2312 1282 2358 verus
1309 2314 1406 2358 arnor
1439 2292 1482 2357 ab
1509 2289 1633 2357 amoris
1663 2310 1749 2356 vana
1768 2287 1896 2370 species
1929 2305 2014 2370 (1⁰³0
2040 2305 2163 2368 00rP¹1³

638 2423 792 2489 quaeque
818 2409 970 2492 corporis
996 2418 1098 2486 sunt,
1140 2431 1192 2476 res
1226 2421 1406 2476 terrestres
1445 2413 1535 2476 solas
1571 2418 1704 2493 spectat
1731 2417 1767 2474 et
1796 2427 1875 2472 cum
1918 2425 2033 2470 amore
2062 2425 2161 2482 vero,

640 2525 803 2604 quamdiu
840 2526 987 2592 visimus
1020 2528 1121 2612 inque
1153 2530 1217 2593 hac
1247 2539 1340 2594 terra
1367 2528 1543 2614 degimus,
1590 2528 1632 2592 de
1667 2523 1814 2610 imperio
1847 2531 1965 2588 certat.
2007 2518 2060 2586 ab
2096 2522 2165 2587 isto

639 2659 754 2708 amore
780 2625 934 2712 terrestri
961 2668 1046 2713 vana
1068 2649 1197 2732 pariter
1215 2658 1251 2713 et
1264 2648 1372 2712 inanis
1393 2645 1608 2732 philosophia
1627 2653 1709 2710 nata
1728 2651 1798 2720 est,
1825 2662 1930 2726 quam
1957 2661 2074 2705 veram
2093 2662 2167 2707 esse

639 2763 783 2831 eredunt
811 2766 969 2849 vitaeque
1002 2768 1202 2852 magistram
1231 2787 1269 2831 ac
1298 2766 1420 2832 ducem
1453 2773 1647 2849 sequuntur
1674 2763 1850 2828 mortales.
1904 2759 1953 2824 Ea
1986 2780 2054 2823 non
2079 2762 2164 2844 quid

637 2882 822 2962 pulcrum,
852 2906 997 2961 serum,
1028 2887 1181 2961 bonnm,
1209 2895 1307 2951 curat
1334 2908 1372 2950 ac
1397 2895 1495 2971 rogat
1516 2891 1700 2968 perpetuo,
1737 2884 1798 2948 sed
1818 2881 1902 2964 quid
1921 2881 2160 2958 commodum,

637 2997 722 3082 quid
744 3001 961 3084 jucundum,
988 3001 1073 3084 quid
1090 3001 1188 3068 utile.
1236 3000 1476 3087 sophistarum
1501 3012 1574 3067 arte
1590 3001 1633 3067 de
1656 3000 1796 3067 homine
1813 2999 1984 3084 rebusque
2003 2998 2162 3064 humanis

637 3116 811 3200 disputat,
835 3140 945 3207 neque
966 3119 1064 3186 abest
1083 3122 1242 3186 facundia
1273 3121 1386 3187 dictis.
1432 3117 1507 3186 Non
1523 3119 1626 3186 facile
1647 3141 1686 3186 ea
1708 3118 1818 3204 qualis
1842 3118 1911 3191 sit,
1935 3118 2161 3204 cognoscitur.

552 3313 554 3318 Ι
636 3231 723 3299 Nam
747 3258 810 3302 nec
835 3259 925 3303 unus
957 3237 1117 3323 idemque
1148 3241 1179 3305 ei
1209 3241 1327 3306 vultus
1357 3250 1429 3316 est,
1464 3259 1527 3306 nec
1552 3241 1665 3305 forma
1702 3240 1830 3305 eadem.
1875 3236 1972 3303 Nunc
2006 3235 2163 3302 Sirenum

637 3370 718 3416 voce
748 3364 882 3427 cantat,
917 3377 1010 3420 nnnc
1047 3357 1135 3424 Deae
1174 3357 1327 3446 ignaviae
1370 3368 1487 3443 partes
1520 3355 1590 3444 agit
1603 3401 1615 3435 ,
1657 3377 1749 3423 nunc
1779 3357 1931 3424 Nestoris
1961 3353 2161 3441 sapientiam

637 3468 841 3556 dulcemque
867 3475 1099 3561 eloquentiam
1124 3477 1304 3555 imitatur,
1333 3498 1425 3542 nunc
1455 3475 1628 3563 religionis
1646 3475 1752 3561 ipsius
1782 3497 1962 3561 personam
1996 3473 2164 3540 sustinere

636 3585 702 3650 sihi
728 3591 869 3677 adrogat
890 3591 1068 3679 ipsamque
1093 3593 1253 3660 similiter
1281 3591 1417 3659 amandi
1444 3592 1661 3678 disciplinam
1688 3614 1725 3658 se
1739 3594 1888 3660 'tradere
1906 3591 2093 3678 gloriatur,
2120 3591 2164 3655 ab

637 3706 754 3772 eodem
779 3709 966 3796 principio,
997 3713 1040 3778 ab
1070 3734 1185 3779 amore
1209 3711 1341 3776 scilicet
1365 3710 1440 3787 sui,
1471 3731 1545 3775 rem
1571 3713 1745 3795 repetens*
1790 3731 1809 3773 «
1833 3706 1908 3774 Non
1942 3717 2072 3774 temere
2100 3703 2168 3770 sati
2211 3713 2214 3722 ¹

634 3843 673 3888 ac
696 3829 799 3894 creati
821 3821 922 3909 estis,
949 3831 1169 3902 omortalesi
1193 3829 1264 3919 (sic
1284 3851 1345 3908 nos
1359 3827 1603 3896 homunciones
1627 3825 1850 3912 adloquitur)
1883 3827 2004 3888 sedeo
2027 3817 2166 3898 quidem

632 3933 783 3997 Deorum
811 3944 973 4005 ὓῠῡῦῖἱῖοι
1002 3957 1043 4006 ui
1077 3945 1187 4010 vitum
1223 3942 1383 4006 viveretis
1419 3963 1524 4020 quam
1564 3945 1798 4001 latinissimum
1832 3949 1978 4013 roreque
2008 3928 2163 4000 vitalem·

636 4035 826 4133 Sequimini
852 4057 1013 4113 naturam
1035 4059 1070 4114 et
1091 4069 1161 4134 quo
1179 4059 1302 4113 natura
1325 4049 1443 4128 ducat,
1476 4046 1656 4114 advertite.
1701 4045 1790 4114 Haec
1812 4059 1929 4113 erstem
1958 4058 1998 4114 ut
2027 4047 2166 4116 utilita-

637 4178 708 4231 tem
739 4143 918 4250 praecipue
952 4163 1149 4243 sectemini,
1185 4185 1244 4232 ros
1279 4165 1515 4244 adhortatur,
1545 4185 1631 4250 quae
1666 4176 1701 4234 et
1729 4166 1941 4264 optimarum
1963 4167 2163 4250 quarumvis

635 4305 754 4352 rerum
786 4284 956 4354 inventrix
986 4295 1021 4352 et
1055 4284 1184 4352 artium
1218 4283 1509 4370 scientiarumque
1543 4284 1708 4372 magistra
1739 4294 1774 4351 et
1812 4285 1943 4372 optima
1971 4288 2040 4354 dux
2070 4291 2161 4357 vitae

635 4423 820 4487 rerumque
838 4401 993 4468 omnium
1002 4411 1038 4468 et
1051 4403 1259 4490 principium
1280 4413 1315 4470 et
1326 4403 1404 4468 finis
1429 4413 1464 4469 et
1480 4423 1681 4481 summum,
1703 4405 1794 4488 quod
1811 4407 1995 4493 quaeritis,
2015 4409 2157 4476 bonum.

636 4519 796 4589 Utilitate
815 4522 906 4588 enim
929 4541 1046 4588 omues
1075 4543 1129 4590 res
1159 4523 1327 4588 humanas
1355 4520 1490 4605 metiri,
1522 4522 1565 4587 ad
1590 4543 1664 4587 eam
1688 4541 1906 4607 quaecunque
1945 4524 2099 4612 cogitatis
2123 4533 2159 4590 et

636 4641 749 4708 facitis
769 4642 939 4728 dirigere,
959 4645 1046 4706 hanc
1072 4644 1201 4719 colere,
1214 4643 1301 4706 hanc
1324 4641 1426 4706 rebus
1445 4640 1621 4727 quibusvis
1648 4652 1851 4728 anteponere
1869 4645 1979 4711 decet.
2017 4639 2159 4708 Utilitas

637 4769 729 4828 artes
746 4771 780 4830 et
792 4761 947 4828 scientias
957 4763 1121 4827 humanas
1138 4759 1290 4836 invenit,
1312 4758 1478 4836 excoluit,
1501 4757 1654 4845 perfecit.
1701 4757 1790 4825 Haec
1803 4757 2057 4844 disciplinarum
2075 4758 2158 4823 doc·

639 4879 879 4968 trinarumque
896 4871 1112 4951 strationem
1128 4879 1246 4948 docuit
1261 4889 1296 4946 et
1312 4879 1467 4952 modum.
1495 4876 1586 4953 Haec
1605 4877 1793 4947 academias
1808 4879 1960 4950 condidit
1973 4889 2008 4947 et
2019 4877 2162 4944 univer-
