4956 6246
930 819 1209 892 otterto.
1792 831 1837 898 67

306 1024 495 1102 Junmem,
523 1041 630 1111 qum
663 1023 784 1112 cupit,
810 1025 896 1097 dum
918 1027 1074 1115 attigisse
1093 1037 1129 1096 et
1148 1027 1341 1098 tenerssibi
1357 1025 1513 1106 ridetur,
1529 1027 1659 1097 nubem
1681 1035 1835 1120 emplec.

303 1143 405 1214 titur.

348 1260 440 1330 Haec
460 1261 568 1350 igitur
583 1263 615 1332 si
634 1265 677 1332 ud
696 1264 928 1354 cognitionem
944 1266 1135 1336 humanm
1155 1268 1366 1345 referentur,
1387 1263 1488 1331 lecile
1502 1263 1678 1348 ridemus,
1694 1266 1835 1336 adhunc

303 1403 366 1452 sue
401 1383 541 1470 quidem
569 1395 692 1458 nature
719 1405 840 1454 verum
880 1385 1075 1471 pertinere,
1118 1385 1191 1453 imo
1230 1387 1296 1452 hoc
1326 1385 1427 1450 illam
1466 1383 1614 1465 efficerer
1642 1403 1706 1452 nec
1736 1385 1829 1452 enim

304 1503 399 1572 eliud
420 1503 504 1587 quid
519 1513 571 1572 est
589 1525 708 1574 verum
728 1504 815 1574 scire
833 1513 868 1574 et
887 1525 943 1572 res
960 1525 1175 1594 cognoscere.
1221 1501 1297 1570 Huc
1317 1502 1425 1591 igitur
1442 1523 1521 1569 cum
1535 1503 1731 1570 referantur
1750 1521 1832 1578 onte

302 1641 362 1688 nee
376 1623 625 1710 cujuscumque
642 1624 775 1712 moeris
793 1623 993 1710 disciplinae
1008 1623 1270 1706 doctrinaeque,
1290 1642 1378 1708 quae
1395 1621 1459 1688 hoc
1473 1641 1537 1688 suo
1552 1621 1691 1690 nomine
1709 1619 1831 1707 dignae

301 1751 404 1823 sent,
434 1742 578 1831 singulis
609 1745 646 1810 id
673 1745 823 1813 maxime
850 1747 1033 1834 proprium
1067 1755 1140 1824 eet,
1166 1745 1261 1830 quod
1286 1761 1409 1810 rerum
1435 1748 1623 1806 sectentur.
1669 1737 1830 1806 Tendunt

302 1860 396 1938 enim
413 1882 454 1930 eo
480 1881 619 1942 omnes,
647 1872 688 1932 ut
715 1885 834 1932 rerum
858 1865 1001 1932 scientia
1022 1861 1177 1930 homines
1200 1861 1414 1926 imbuantur.
1460 1856 1531 1923 Hac
1551 1859 1656 1945 igitur
1674 1857 1711 1922 in
1729 1877 1830 1924 causa

301 1979 478 2067 oonjuncti
495 2000 637 2058 sumus,
658 1981 718 2066 qui
737 1981 924 2067 cognitioni
941 1983 1111 2046 humanae
1130 1977 1381 2064 promovendae
1397 1994 1537 2058 operam
1553 1974 1693 2054 dumus,
1709 1993 1830 2061 quem·

302 2114 451 2182 eumque
482 2099 626 2164 demum
656 2097 850 2164 doctrinam
877 2095 1099 2180 profitemu13
1141 2101 1246 2175 utque
1276 2091 1313 2152 in
1339 2089 1481 2170 multis,
1513 2085 1638 2174 quibus
1675 2095 1829 2160 cernitur

300 2214 460 2304 omnium
490 2213 712 2280 scientiarum
739 2219 875 2276 arctum
905 2209 995 2274 inter
1023 2229 1061 2274 se
1089 2207 1322 2284 connubium,
1354 2227 1424 2274 uon
1452 2206 1638 2274 minimum
1659 2227 1739 2274 eane
1759 2209 1824 2275 hoc

301 2343 373 2415 φὶ,
395 2331 524 2414 quode
545 2325 862 2394 communirerum
887 2327 1197 2412 cognoscendarum
1217 2326 1333 2392 studio
1355 2335 1476 2405 natae,
1498 2327 1689 2394 ineundem
1702 2328 1826 2410 finem,

300 2443 496 2520 communi,
528 2464 548 2508 e
575 2461 644 2526 quo
671 2443 825 2532 singulae
851 2465 957 2531 genus
979 2445 1113 2514 ducunt
1134 2464 1260 2523 suum,
1280 2445 1416 2530 parenti
1437 2455 1721 2523 consentaneum,
1744 2465 1828 2512 con·

300 2564 451 2651 spirent,
469 2581 593 2644 nempe
603 2569 643 2628 ut
661 2581 783 2630 uerum
798 2571 1033 2648 assequantur.

345 2683 466 2767 Itaque
494 2681 532 2748 id
560 2682 615 2750 vel
648 2683 712 2750 hec
744 2683 787 2748 de
817 2704 919 2750 cause
941 2686 1034 2752 vetet
1062 2705 1198 2772 quoque
1225 2685 1263 2751 in
1294 2681 1497 2768 '1⁷heologis,
1541 2681 1711 2768 adquam
1735 2699 1830 2750 nuno

300 2801 455 2870 animum
485 2797 699 2867 advertimus
729 2811 900 2868 nostrum.
946 2803 988 2870 ln
1013 2805 1078 2872 hec
1104 2813 1222 2871 eutem
1249 2817 1470 2870 cumrerum
1498 2800 1597 2866 unice
1622 2800 1825 2868 sectandum

299 2941 371 2992 cesa
388 2917 680 3006 pronunciemus,
705 2941 775 2986 non
789 2921 858 2989 hoc
878 2931 1017 3019 tentum
1031 2927 1207 3002 columne,
1226 2923 1270 2989 ub
1285 2919 1444 2988 inanibus
1466 2919 1642 3002 speciebus
1661 2918 1831 2986 nectendis

297 3040 335 3105 in
372 3058 411 3105 ea
441 3035 804 3117 anathemandum,
842 3042 1029 3109 nuntietis
1060 3043 1097 3108 in
1123 3063 1162 3109 ee
1188 3041 1292 3110 rebus
1315 3059 1388 3108 esse
1420 3039 1684 3116 delectandum,
1718 3055 1828 3123 neque

297 3154 477 3223 ffllacihus
504 3154 675 3222 utendum
704 3179 777 3225 esse
808 3163 1022 3248 argumentis
1055 3163 1238 3252 nugosisve
1272 3158 1480 3238 ratiociniis,
1517 3157 1644 3244 quibus
1670 3153 1829 3223 homines

297 3271 634 3361 ohoumreniuntun
652 3277 845 3347 carendum
865 3301 937 3348 esse
957 3281 1107 3360 nielsis,
1125 3298 1214 3366 quae
1231 3287 1315 3345 sunt
1336 3287 1371 3344 et
1397 3279 1558 3346 feruntur
1571 3323 1580 3355 ,
1592 3273 1827 3363 opinionibus;

295 3410 360 3458 nec
386 3409 517 3458 errores
549 3411 622 3459 esse
647 3398 838 3465 sectandos.
882 3397 974 3466 llaec
1000 3397 1111 3484 enim,
1128 3396 1384 3465 etsimeritoed
1403 3408 1649 3488 argumentum
1666 3407 1826 3465 nostrum

295 3511 513 3590 reseruntur,
546 3511 582 3577 id
617 3521 737 3582 tamen
769 3537 841 3584 non
882 3519 1115 3597 exhauriunt,
1155 3539 1218 3585 nee
1248 3534 1366 3585 reram
1401 3523 1475 3608 ejus
1503 3520 1574 3589 rim
1591 3529 1627 3587 et
1657 3518 1826 3586 rationem

295 3626 482 3696 declarent,
535 3626 592 3698 Sic
619 3631 713 3700 enim
744 3657 786 3702 ee
827 3635 894 3702 sim
925 3639 1105 3717 dicturus,
1149 3655 1259 3722 quae,
1303 3646 1345 3705 ut
1373 3635 1423 3703 ita
1453 3637 1592 3715 dicam,
1625 3633 1729 3701 nimis
1750 3651 1830 3698 rere

295 3753 398 3820 sunt,
431 3765 537 3828 quarn
556 3747 599 3816 de
618 3749 745 3834 quibus
769 3751 865 3830 dici,
888 3755 1017 3820 nedum
1042 3753 1210 3837 disputari
1229 3754 1350 3837 possit.
1395 3751 1479 3838 Quis
1500 3751 1592 3819 enim
1621 3761 1694 3816 tam
1712 3751 1830 3814 fatuus

295 3871 369 3936 est·
394 3866 436 3926 ut
458 3862 586 3928 fulsum
618 3883 724 3948 quam
752 3889 872 3936 verum
898 3867 995 3953 sequi
1020 3889 1090 3935 non
1112 3879 1251 3934 tentum
1278 3869 1401 3946 malit,
1434 3867 1495 3935 sed
1514 3876 1549 3934 et
1566 3885 1631 3954 pro
1654 3867 1720 3931 hoc
1739 3864 1830 3929 illud.

293 3978 495 4048 sectandum
513 3999 586 4044 esse
615 3982 846 4063 pronunciet?
873 3988 992 4068 Neque
1003 3987 1045 4051 ad
1063 3984 1212 4051 infelices
1234 3985 1319 4052 istos
1331 3984 1435 4052 rerba
1456 3983 1566 4060 ieoio,
1587 3983 1647 4068 qui
1671 3979 1828 4047 tenebrae

294 4095 443 4186 diligunt
461 4114 543 4178 prae
563 4095 653 4162 luce.
700 4092 801 4180 Quod
817 4099 1160 4177 siscienteeluoiant,
1183 4117 1322 4185 operum
1336 4109 1373 4165 et
1391 4102 1508 4166 oleum
1530 4097 1671 4183 perdere
1689 4113 1828 4164 summo

292 4221 371 4304 jure
389 4213 533 4292 dicitur,
546 4214 848 4301 quicumqeecum
872 4218 966 4286 nnec
985 4219 1178 4306 disputaret
1203 4219 1296 4285 hisce
1319 4220 1521 4303 persuadere
1546 4219 1582 4287 in
1602 4239 1640 4284 se
1658 4214 1832 4304 susdpiet.

295 4332 414 4404 Latius
424 4353 461 4398 ee
471 4335 626 4402 extendit
640 4333 1018 4419 id,quodindicsmus,
1037 4355 1142 4422 quem
1158 4355 1216 4414 eo,
1232 4344 1275 4404 ut
1290 4355 1360 4401 non
1372 4337 1458 4402 lelsu
1475 4335 1625 4404 seducte
1641 4341 1829 4421 sequantur

298 4451 358 4539 qui
380 4450 608 4539 Theologiem
637 4461 790 4522 tractent
816 4474 959 4539 eumque
989 4454 1094 4544 digno
1128 4455 1233 4522 modo
1265 4456 1378 4522 colere
1409 4453 1532 4523 uelint.
1576 4451 1625 4521 Eo
1643 4454 1758 4530 vetet,
1783 4459 1829 4518 ut

296 4566 411 4640 omnia
433 4568 470 4635 in
491 4569 676 4660 Theologis
698 4574 740 4640 sd
770 4594 875 4641 unam
908 4574 981 4642 reri
1009 4593 1145 4642 eausam
1169 4572 1384 4652 reserantur,
1410 4583 1453 4640 ut
1479 4589 1602 4640 rerum
1629 4569 1752 4638 unicus
1782 4569 1831 4636 sit

298 4687 396 4764 linis,
429 4687 466 4752 in
492 4708 596 4774 quem
639 4689 755 4758 omnis
788 4693 1023 4763 intendentur.
1069 4693 1142 4762 Hoc
1172 4714 1194 4760 ι
1220 4692 1392 4782 Theologo
1422 4690 1574 4778 requiri,
1607 4687 1719 4776 qnod,
1756 4686 1827 4755 reri

303 4820 418 4882 amore
445 4813 552 4892 atque
573 4808 823 4888 enthusiasmo
840 4813 990 4898 quodem
1008 4809 1156 4891 ductus,
1195 4810 1359 4880 contiuuo
1388 4808 1561 4894 inquirat,
1585 4815 1627 4874 ut
1649 4805 1739 4890 ipses
1770 4819 1824 4886 res

300 4919 420 5014 prouti
437 4932 543 5002 runt,
560 4935 730 5010 quatenus
745 4927 820 5000 fieri
843 4929 971 5012 possit,
987 4931 1089 5015 plane
1109 4934 1146 4999 et
1160 4927 1300 5015 penitus
1312 4935 1514 5015 soumis
1531 4941 1642 5010 now
1665 4917 1827 5007 fflffidffl·
