4956 6246
939 763 1218 838 nutrio,
1791 767 1834 833 U

241 955 243 960 ¹
304 974 397 1046 iaeiii
423 970 562 1060 quidem
599 991 662 1039 nee
686 972 810 1064 'longa'
834 972 988 1054 ratione,
1028 995 1091 1040 neo
1134 974 1277 1050 ffiffusa,
1324 976 1478 1036 attamen
1507 961 1752 1051 inteiligeutiee
1790 981 1827 1038 et

302 1092 487 1162 imitationi
508 1091 591 1159 setis
610 1101 689 1179 apte
714 1101 749 1158 et
770 1103 886 1161 exaote
904 1093 942 1158 in
958 1095 1061 1178 piano
1078 1093 1314 1178 exprimantur
1340 1098 1376 1154 et
1405 1089 1640 1170 exponantur,
1666 1103 1824 1166 perverse

301 1214 438 1302 agitur,
460 1212 516 1296 si,
539 1213 833 1296 quemadmodum.
849 1214 891 1281 iit
909 1214 947 1277 iu
970 1219 1044 1279 arte
1073 1209 1253 1300 graphioni,
1281 1204 1464 1294 dioptrieea
1491 1201 1655 1298 principia
1673 1212 1708 1268 et
1725 1205 1826 1270 theo-

302 1340 435 1398 remata
469 1329 703 1399 adhibeantur.
748 1331 902 1418 Namque
929 1327 1147 1414 simpliciori,
1183 1329 1244 1394 sed
1277 1323 1394 1392 eidem
1425 1317 1607 1391 exactiori,
1638 1325 1710 1384 arte
1743 1339 1828 1410 opus

304 1456 379 1526 est,
405 1447 670 1532 unumquisque
687 1449 814 1516 artifex
826 1495 836 1534 ,
872 1457 933 1515 aut
957 1447 1218 1534 ichnographiae
1248 1452 1387 1516 auctor,
1416 1436 1482 1503 etsi
1503 1433 1640 1520 picturi
1665 1445 1726 1502 aut
1755 1444 1829 1502 arte

303 1563 464 1652 graphici
480 1564 612 1632 nonsit
629 1565 784 1650 pexitus,
805 1569 993 1649 dummodo
1013 1567 1217 1654 geometriae
1233 1559 1481 1650 principiorum
1501 1559 1592 1626 haud
1612 1557 1658 1624 sit
1675 1555 1829 1644 ignarus,

304 1683 397 1750 iaeili
425 1683 666 1750 exercitatione
690 1684 801 1755 discit.
847 1684 910 1754 Per
929 1688 1032 1774 hujus
1054 1687 1139 1753 artis
1166 1683 1334 1771 principia
1352 1701 1454 1748 omne
1473 1679 1525 1756 id,
1546 1678 1640 1762 quod
1660 1678 1832 1744 schemate

302 1803 476 1890 designare
510 1801 679 1880 velimus,
722 1825 842 1872 revera
873 1807 971 1890 qusai
997 1803 1213 1894 gemite-iod
1247 1799 1487 1885 descriptione
1503 1795 1730 1879 exprimitur,
1773 1794 1837 1859 tali

303 1919 441 2006 quida·
471 1921 595 1996 modo,
628 1930 669 1989 ut
693 1921 850 1988 omnium
873 1923 1029 2006 partium
1048 1920 1206 1994 habitus,
1224 1911 1549 2003 juxta-positiones,
1578 1893 1826 1978 diversissimae

303 2042 454 2124 formae,
467 2041 662 2125 justaeque
692 2057 871 2108 mensurae
903 2046 946 2104 et·
963 2036 1204 2120 symmetriae,
1227 2053 1331 2114 aeque
1351 2029 1436 2096 bene
1466 2030 1536 2092 aiut
1562 2031 1829 2113 cognoscendae,

303 2176 344 2224 an
371 2159 403 2222 si
430 2158 542 2239 ipsam
566 2154 760 2220 machinam
784 2165 845 2218 aut
873 2159 1100 2234 apparatum,
1136 2160 1197 2217 aut
1226 2150 1314 2214 alius
1345 2143 1476 2232 generis
1508 2140 1706 2226 objectum,
1747 2155 1826 2212 ente

305 2277 421 2340 mulos
464 2273 653 2348 habemus,
690 2276 726 2332 et
767 2266 926 2334 manibus
963 2269 1130 2352 prendere
1161 2289 1201 2333 ac
1227 2263 1382 2334 dimetiri
1420 2278 1612 2347 possumus.
1670 2261 1832 2350 Ejusdem

306 2391 389 2454 artis
412 2387 634 2452 fundamenta
660 2381 850 2468 antiquitus
867 2386 941 2472 jam
964 2389 1121 2470 ederant,
1141 2386 1200 2452 sed
1225 2379 1514 2452 exsecutionibus
1539 2382 1680 2448 demum
1701 2386 1833 2452 muthe-

304 2505 439 2572 matiois
465 2511 641 2569 exstructa
665 2511 768 2581 sunt,
799 2504 859 2589 qui
883 2504 968 2573 bene
988 2509 1207 2593 perspexere,
1228 2504 1352 2591 quanti
1376 2502 1467 2568 foret
1490 2501 1677 2583 momenti,
1694 2503 1831 2585 quanti·-

305 2643 371 2708 que
391 2624 527 2688 fructus
542 2619 578 2682 in
591 2639 809 2686 communem
820 2622 1010 2708 utilitatem
1023 2624 1271 2706 redundarent,
1291 2624 1321 2690 ei
1337 2623 1484 2690 artifices
1506 2631 1566 2688 aut
1590 2622 1828 2690 inventionum

306 2752 480 2818 auctores,
500 2738 776 2822 ,eruditioresqua
798 2741 913 2820 fabri,
935 2744 1014 2810 taiis
1031 2744 1114 2812 artis
1132 2743 1296 2811 subsidiis
1310 2765 1345 2809 se
1360 2744 1546 2812 munirent.
1593 2741 1712 2826 Itaque
1738 2763 1835 2808 curas

306 2880 422 2926 omnes
449 2877 674 2941 omnemque
708 2877 851 2942 operam
902 2862 1165 2948 impenderunt,
1210 2862 1246 2926 in
1282 2863 1435 2949 ejusdem
1476 2861 1559 2928 artis
1594 2860 1761 2945 principia
1794 2882 1834 2926 ao
1887 2933 1892 2958 Ι

307 2989 486 3066 praecepte
507 2977 714 3046 emendanda
736 2987 771 3046 et
790 2981 1050 3064 amplificanda,
1079 3001 1184 3068 eoque
1204 2990 1458 3067 pervenerunt,
1486 2988 1528 3046 ut
1548 2997 1671 3044 novem
1693 2998 1832 3061 prorsus

307 3100 498 3168 doctrinam
519 3096 747 3164 condiderint
771 3095 860 3186 (i),
892 3103 1044 3167 alterum
1077 3099 1267 3167 inveniendi
1294 3099 1566 3166 instrumentum
1589 3097 1831 3183 praebentem,

309 3237 380 3301 quo
399 3219 527 3286 artium
548 3215 701 3282 subsidia
717 3238 823 3302 quam
842 3219 990 3287 maxime
1008 3221 1161 3306 perfecta
1176 3229 1212 3291 et
1231 3227 1330 3286 aucta
1349 3224 1443 3284 arant.

355 3333 404 3404 Ut
429 3337 626 3414 absolvam..
654 3356 741 3420 quae
766 3341 1057 3424 huepatinent.
1075 3339 1170 3408 aliud
1190 3337 1368 3427 negotium
1390 3337 1533 3426 insuper.
1554 3352 1607 3408 est
1625 3361 1835 3408 commemo·

189 3525 194 3532 ,
309 3459 474 3536 randum,
502 3457 608 3542 quod'
626 3455 744 3536 h'odie,
770 3458 806 3522 in
835 3458 1074 3524 machinarum
1097 3470 1159 3525 aut
1192 3468 1423 3544 apparatuum
1452 3461 1725 3538 constructione,
1758 3470 1834 3524 tum

312 3575 415 3642 mmm
429 3578 467 3642 in
482 3574 731 3652 architectum,
748 3575 1058 3666 summimomenti
1077 3575 1236 3642 habetur.
1252 3627 1256 3635 .
1272 3574 1312 3642 In
1329 3577 1424 3643 veria
1445 3580 1572 3646 etenim
1584 3579 1834 3667 designatione,

311 3695 415 3777 quam
437 3696 666 3778 considerari,
689 3714 759 3762 non
778 3697 882 3762 modo
894 3695 1120 3780 judicandum
1140 3705 1192 3762 eat
1216 3697 1258 3763 de
1278 3697 1543 3764 constructionis
1567 3697 1684 3762 idonei
1703 3695 1837 3761 ordine·

312 3809 423 3884 tione,
447 3811 570 3904 perum
587 3815 688 3879 etiam
703 3818 748 3880 de
767 3813 921 3898 partium
948 3815 1074 3880 exactis
1092 3812 1363 3879 dimensionibus
1380 3814 1447 3881 erit
1466 3817 1710 3895 statuendum,
1733 3830 1837 3894 quem

308 3929 398 3992 letae
419 3935 465 3991 'et
492 3931 645 4006 musae,
669 3931 847 4014 qualisque
874 3929 1004 3994 formae
1036 3933 1098 3994 aut
1129 3927 1260 4015 figurae
1291 3947 1364 3994 esse
1395 3929 1563 4007 dement,
1590 3933 1633 3996 ⁷ut
1662 3930 1733 3994 sint
1755 3928 1838 3992 satis

309 4046 418 4112 fortes
457 4043 645 4128 firmaeque
672 4053 707 4110 et
730 4054 874 4109 tenaces.
915 4043 1070 4108 Multum
1094 4046 1186 4110 enim
1215 4065 1284 4108 non
1311 4047 1414 4109 modo
1432 4045 1561 4118 refert,
1588 4045 1617 4108 si
1640 4044 1841 4140 materia,e

310 4181 377 4246 qua
394 4171 572 4246 musnet,
598 4161 807 4251 gravissima
829 4169 901 4237 est,
926 4170 968 4227 ut
999 4161 1070 4228 sint
1088 4161 1312 4229 solidissimae
1337 4170 1372 4227 et
1394 4161 1635 4238 firmissimae,
1658 4174 1695 4229 at
1715 4163 1840 4235 etiam.

311 4299 375 4358 ne,
392 4288 533 4362 propter
552 4281 709 4364 ponderis
729 4284 875 4358 molem,
902 4283 1022 4348 multu
1041 4283 1112 4349 sint
1128 4281 1306 4362 fortiores,
1328 4299 1432 4363 quam
1453 4279 1595 4362 quidem
1606 4282 1837 4348 'desideratun

310 4393 384 4463 iiou'
398 4403 516 4462 autem
535 4407 575 4463 ut
593 4399 803 4465 exactissime
822 4397 1021 4476 definiatur,
1042 4398 1137 4465 vario
1156 4402 1362 4483 plerumque
1381 4419 1467 4484 opus
1486 4409 1538 4464 est
1559 4402 1710 4484 calculo,
1736 4420 1840 4484 quern

314 4512 451 4596 quidam
479 4515 571 4580 haud
599 4516 650 4583 ite
680 4515 781 4585 iacile
813 4514 1095 4598 institueremus,
1135 4514 1201 4583 nisi
1235 4516 1474 4584 recentiorum
1508 4519 1835 4590 mathematicorum

363 4757 416 4837 (³)
452 4770 623 4836 neomeniae
658 4765 734 4828 illa'm
764 4783 871 4850 parem
888 4769 1049 4849 significare
1077 4767 1181 4842 vebm,
1210 4787 1282 4848 quae
1318 4773 1432 4830 nomine
1463 4769 1623 4832 amonim
1654 4773 1826 4838 bresma,

328 4865 519 4947 distinguitur.
1572 4895 1577 4904 ·

1480 4927 1614 5062 GU.
