4956 6246
626 867 667 930 ta
892 855 1153 928 CORNELII
1190 857 1362 930 PRUYS
1398 858 1504 931 VAN
1537 860 1638 930 DER
1669 863 1888 934 uouvaN

633 1061 762 1150 Quodsi
795 1060 919 1149 igitur,
954 1063 1047 1148 quod
1078 1065 1192 1150 primo
1220 1065 1257 1130 in
1290 1065 1384 1132 omni
1411 1065 1629 1133 institutione
1659 1068 1862 1150 quaeritur,
1893 1070 2022 1135 indoles
2050 1075 2163 1156 qualis

628 1206 700 1253 esse
721 1187 819 1251 decet
847 1183 932 1249 huic
963 1193 1105 1252 nostrae
1132 1187 1342 1253 academicae
1376 1189 1590 1254 institutioni
1621 1197 1720 1273 apta,
1755 1185 1853 1250 nobis
1884 1188 2071 1272 indaganda
2096 1190 2161 1266 sit,

572 1389 574 1396 Ι
629 1307 783 1373 indolem
805 1307 985 1371 laudamus
1006 1327 1045 1372 ac
1064 1307 1276 1373 celebramus
1292 1309 1528 1372 amatorium:
1550 1309 1653 1374 idest
1675 1303 1803 1373 amoris
1823 1306 1917 1381 reri,
1940 1305 2045 1371 divini
2066 1327 2162 1390 capa·

627 1441 714 1488 cam.
760 1424 836 1488 Non
848 1431 1047 1488 terrestrem
1059 1424 1250 1510 cogitamus
1270 1425 1490 1491 terrestrium
1505 1428 1727 1509 voluptatum
1742 1470 1751 1502 ,
1769 1424 1827 1510 qui
1840 1420 1995 1502 Cereris,
2021 1423 2160 1500 Bacchi,

629 1541 837 1624 Venerisque
861 1543 959 1606 cultu
977 1542 1093 1608 satiari
1111 1542 1226 1624 cupit,
1257 1542 1316 1607 sed
1336 1561 1438 1615 eum,
1458 1540 1517 1623 qui
1542 1550 1583 1606 ut
1608 1540 1680 1625 ipse
1700 1540 1908 1609 immortalis
1930 1554 2003 1620 est,
2025 1543 2074 1608 ita
2093 1541 2163 1610 Ve-

629 1676 747 1722 nerem
771 1659 855 1724 colit
886 1657 1048 1725 Uraniam
1075 1661 1246 1746 hujusque
1273 1679 1354 1726 vera
1381 1659 1617 1744 pulcritudine
1646 1659 1790 1744 capitur.
1836 1659 1926 1727 Haec
1951 1662 2023 1746 ipsa
2045 1660 2160 1728 estad

631 1776 855 1843 scientiarum
871 1779 1038 1862 mysteria
1058 1780 1225 1857 initiatio,
1250 1779 1403 1864 sineque
1419 1801 1482 1846 nec
1499 1781 1692 1847 matheseos
1709 1777 1902 1866 juvabunt,
1925 1801 1989 1846 nec
2001 1777 2159 1845 humani-

626 1915 727 1961 orum
758 1897 872 1958 studia
902 1896 1122 1964 litterarum,
1150 1916 1299 1980 qnorum
1332 1899 1396 1962 illa
1425 1897 1534 1964 menti
1563 1906 1698 1963 nostrae
1724 1917 1847 1963 verum
1877 1897 2156 1982 conspiciendum

628 2009 826 2083 exhibebit,
849 2028 910 2070 nec
927 2017 1043 2071 tamen
1062 2008 1126 2088 ipsi
1156 2013 1278 2092 quanti
1297 2013 1426 2086 simus,
1454 2034 1524 2098 quo
1540 2019 1616 2080 loco
1641 2025 1677 2081 et
1698 2033 1843 2080 numero
1857 2013 2025 2090 habendi,
2050 2032 2156 2097 quam

626 2125 744 2212 parri,
772 2144 878 2208 quam
909 2124 1041 2210 magni,
1073 2144 1177 2209 quam
1206 2126 1317 2202 leves,
1352 2147 1458 2210 quam
1491 2149 1633 2212 graves,
1678 2129 1813 2194 docebit
1850 2151 1980 2210 nosque
2021 2149 2157 2197 veraces

632 2244 858 2326 veritatisque
882 2242 1053 2310 etamicos
1074 2253 1108 2311 et
1129 2246 1280 2310 cultores
1302 2265 1371 2309 non
1390 2244 1519 2330 magis,
1543 2264 1650 2329 quam
1673 2263 1712 2308 ea
1731 2243 1760 2306 si
1778 2261 1992 2317 careremus,
2017 2247 2156 2312 efficietr

628 2365 711 2430 haec
732 2383 814 2430 vero
834 2372 907 2429 tam
924 2383 1050 2448 parurn
1073 2365 1188 2436 animo
1208 2363 1390 2449 proficient
1407 2371 1527 2429 nostro
1538 2406 1549 2440 ,
1573 2371 1614 2428 ut
1636 2363 1800 2446 pulcrum
1822 2360 1976 2426 inlibris
1997 2372 2157 2430 venantes

626 2493 661 2548 et
687 2482 826 2558 mirati,
852 2479 917 2565 ipsi
947 2491 1066 2566 turpes
1086 2503 1226 2568 prorsus
1245 2483 1353 2547 simus
1376 2491 1411 2548 et
1432 2480 1549 2565 turpia
1567 2497 1766 2563 sequamur·

672 2603 794 2687 Itaque
819 2601 995 2668 institutio
1009 2612 1175 2686 perpetua
1198 2603 1240 2666 ad
1258 2621 1409 2668 amorem
1430 2599 1622 2686 progressio
1640 2606 1711 2674 est,
1731 2599 1830 2682 quus
1852 2597 1886 2662 vi
1907 2597 2021 2663 divina
2037 2619 2155 2665 sensus

539 2809 542 2814 Δ
632 2725 783 2789 internos
807 2722 955 2786 excitare
976 2719 1182 2784 dormientes
1201 2731 1342 2802 atquee
1368 2729 1481 2785 morte
1498 2721 1541 2784 ad
1557 2717 1666 2784 vitam
1681 2737 1819 2784 evocare
1846 2726 1997 2800 oportet.

671 2841 744 2907 Hoc
759 2841 862 2906 modo
879 2838 1049 2906 Socratica
1061 2838 1338 2929 deninstitutione
1357 2836 1546 2902 academica
1564 2836 1789 2920 disputando.
1809 2833 1913 2920 hujus
1930 2835 2027 2900 nobis
2041 2836 2156 2902 notio-

625 2981 706 3026 nem
737 2958 844 3045 magis
873 2956 1048 3043 magisque
1080 2956 1265 3022 informare
1299 2975 1340 3020 ac
1370 2953 1534 3040 perficere
1567 2952 1737 3018 ridemur.
1793 2947 1932 3018 Scilicet
1969 2973 2038 3018 non
2067 2954 2156 3020 illud

625 3083 792 3150 duntaxat
813 3078 1029 3164 quaerimus,
1058 3076 1149 3143 docti
1165 3085 1206 3142 ut
1225 3077 1310 3142 fiant
1331 3085 1366 3143 ct
1384 3073 1510 3142 cruditi
1527 3073 1656 3140 artium
1675 3068 1967 3151 scientiarumque
1991 3069 2153 3145 studiosi,

628 3220 751 3266 verum
773 3196 930 3267 homines
949 3206 991 3264 ut
1010 3197 1112 3279 fiant,
1130 3215 1209 3264 rere
1229 3195 1370 3261 humani
1381 3215 1389 3273 ;
1413 3213 1525 3279 neque
1544 3191 1676 3277 patriae
1697 3178 1858 3275 prodest,
1878 3209 1918 3254 ex
1940 3191 2002 3254 hac
2022 3189 2154 3254 officina

624 3319 756 3383 multos
782 3315 963 3401 quotannis
985 3315 1122 3400 prodire
1148 3315 1244 3382 verbi
1264 3315 1370 3381 divini
1386 3314 1586 3388 ministros,
1611 3328 1809 3376 caussarum
1830 3316 2009 3391 patronos,
2032 3308 2146 3374 medi·

628 3407 720 3501 cinae
743 3422 922 3508 doctores,
951 3435 1011 3502 sed
1042 3435 1181 3520 prodest
1207 3434 1419 3520 plurimum,
1451 3432 1591 3518 prodire
1617 3429 1708 3496 viros
1728 3429 1891 3513 maenas,
1922 3445 2005 3492 uero
2028 3426 2153 3514 ingenii

626 3553 799 3639 animique
827 3557 926 3624 cultu
950 3554 1252 3622 commendabiles.
1291 3565 1297 3578 '
1536 3539 1540 3547 ’

668 3673 755 3739 Eam
773 3677 911 3760 quidem
930 3677 1034 3746 fuisse
1056 3677 1227 3760 majorum
1247 3681 1471 3746 nostrorum,
1501 3669 1656 3735 virerum
1675 3661 2025 3747 prudentissimorum
2051 3681 2155 3726 men·

625 3799 696 3857 tem
727 3791 764 3856 in
794 3796 970 3861 condenda
998 3794 1184 3870 academia,
1222 3793 1276 3858 rel
1312 3791 1433 3858 exinde
1463 3789 1546 3855 licet
1571 3781 1759 3870 suspicari,
1792 3783 1885 3865 quod
1912 3799 1981 3844 non
2002 3779 2155 3863 singulas

621 3909 799 3975 lundarint
819 3912 1033 3996 singularum
1056 3911 1294 3977 doctrinarum
1318 3909 1473 3982 scholas,
1494 3907 1553 3972 sed
1573 3923 1679 3970 unam
1700 3899 1895 3972 voluerint,
1918 3912 2004 3976 quae
2031 3913 2150 3960 omnes

622 4027 784 4110 ingenuas
801 4029 912 4096 artes,
946 4037 1033 4100 quae
1058 4024 1100 4084 ad
1123 4023 1376 4084 humanitatem
1396 4016 1593 4099 pertinent,
1619 4018 1783 4092 tauquam
1817 4020 1976 4097 cognatas
2005 4020 2040 4078 et
2060 4031 2152 4078 com·

623 4143 720 4211 muni
741 4143 878 4208 vinculo
893 4143 1050 4226 junctas,
1078 4138 1388 4220 complecteretur,
1421 4128 1642 4198 academiam.

667 4243 838 4329 hactenus
868 4259 966 4328 nobis
997 4277 1216 4324 communem
1259 4255 1430 4340 quandam
1468 4249 1666 4318 studiorum
1707 4264 1843 4330 parasse
1892 4245 2051 4312 videmur
2083 4247 2153 4315 sire

623 4385 799 4470 isagogen,
847 4381 917 4447 sive
961 4376 1210 4453 initiationem,
1254 4373 1500 4440 constituentes
1546 4387 1586 4432 uc
1623 4363 1821 4432 definientes
1872 4363 2021 4428 notiam
2053 4363 2152 4428 illam

623 4497 830 4565 Socraticam
862 4499 1006 4584 ejusque
1036 4495 1108 4562 vim
1139 4493 1176 4556 in
1206 4490 1404 4576 disciplinas
1446 4493 1778 4562 commonstrantes3
1814 4485 1913 4571 cuius
1951 4492 2079 4570 quanta
2105 4483 2153 4550 sit

623 4619 801 4686 efficacitas
819 4617 861 4684 ad
878 4616 992 4684 studia
1008 4614 1112 4682 etiam
1129 4612 1393 4698 propaedeutrca
1406 4607 1590 4696 juvenibus
1608 4603 1894 4679 commendanda,
1913 4601 2127 4690 Brugmansii
2136 4644 2147 4678 ,

623 4717 687 4804 viri
717 4737 846 4804 summi
872 4735 1030 4818 exemplo
1059 4729 1183 4806 didici,
1215 4747 1284 4813 quo
1310 4727 1452 4792 docente
1482 4730 1599 4790 tantm
1633 4730 1709 4788 erat
1739 4721 1907 4805 juvenum
1934 4728 1971 4785 et
1991 4721 2148 4785 virorum

623 4871 700 4926 tum
727 4855 1021 4927 doctissimorum,
1054 4859 1132 4916 tum
1162 4845 1454 4914 clarissimorum:
1488 4843 1751 4929 theologorum,
1775 4841 2015 4916 medicorum,
2042 4841 2147 4924 jure·
