4956 6246
640 717 682 780 tl
950 704 1848 788 G1ou0leJAN1vsanaM

635 917 677 983 de
696 912 907 980 mechanicos
935 913 1132 999 principiis,
1159 913 1415 982 evidentissime
1442 914 1591 980 ostendit
1615 923 1650 979 st
1674 906 1901 978 confirmarit.
1945 904 2165 994 sagacissime

636 1052 739 1119 porro
759 1031 800 1096 de
833 1032 1069 1098 machinarum
1097 1033 1231 1101 actione
1264 1042 1299 1100 ct
1326 1055 1408 1100 raro
1442 1034 1569 1098 effectu
1602 1028 1785 1117 cogitarit,
1815 1025 1992 1109 justasque
2018 1025 2166 1092 rationes

636 1147 809 1214 iudicarit.
854 1146 1008 1235 Denique
1031 1150 1074 1214 ad
1091 1171 1215 1218 novam
1240 1151 1397 1232 omnino,
1426 1159 1610 1234 posteaque
1637 1143 1897 1214 celeberrimam
1932 1145 2167 1226 quaestionem

641 1265 799 1340 accessit.
826 1268 868 1330 ad
889 1267 1124 1351 quaestionem
1140 1269 1307 1336 nimirum
1330 1271 1370 1336 de
1390 1289 1573 1354 corporum
1586 1267 1776 1332 solidorum
1796 1264 1965 1328 firmitate
1985 1271 2021 1328 et
2042 1261 2170 1328 tenaci-

638 1393 732 1466 tate,
757 1404 843 1470 quae
872 1385 1012 1451 nomine
1039 1388 1257 1454 ruiessasiae
1287 1386 1531 1474 distinguitur,
1563 1384 1689 1468 quippe
1712 1381 1860 1450 indicat.
1888 1389 2058 1463 quantum
2083 1379 2171 1445 ferre

640 1514 675 1571 st
692 1505 852 1568 resistere
865 1513 1022 1589 'possunt
1052 1503 1112 1570 illa
1139 1505 1268 1581 solida,
1304 1525 1414 1589 quum
1447 1524 1547 1591 graue
1580 1499 1712 1586 pondus
1731 1498 1921 1580 sustinent,
1953 1499 2025 1564 siue
2060 1514 2169 1580 quum

639 1618 781 1686 fortiter
805 1630 1014 1704 premuntur
1038 1633 1098 1688 aut
1118 1623 1290 1690 feriuntur
1308 1631 1342 1688 et
1360 1621 1582 1687 colliduntur.

684 1857 738 1926 lta
764 1868 882 1924 autem
916 1855 956 1922 A.
979 1855 1018 1934 Α.
1039 1853 1073 1920 8.
1090 1851 1136 1919 S!
1181 1856 1211 1918 si
1250 1875 1417 1936 exponere
1457 1875 1654 1940 pergerem,
1692 1857 1776 1942 quid
1805 1855 1884 1934 alii,
1918 1854 1954 1918 in
1980 1850 2169 1936 disciplinis

530 2065 534 2074 Δ
639 1974 891 2042 mathematicis
918 1971 1238 2056 praecellentissimi
1269 1969 1381 2046 docti,
1417 1968 1564 2034 maxime
1592 1973 1846 2053 praestiterint,
1869 1973 1928 2054 qui
1950 1983 2009 2037 aut
2030 1971 2170 2039 eodem,

559 2131 562 2142 ·
641 2110 708 2176 quo
727 2089 846 2155 floruit
858 2108 1060 2165 canistros,
1085 2097 1243 2172 tempore
1258 2087 1437 2164 vixerunt,
1465 2096 1527 2152 aut
1544 2096 1622 2171 post
1652 2085 1742 2149 illud
1765 2093 1922 2168 tempus,
1943 2090 1986 2149 ad
2015 2098 2170 2153 nostram

642 2228 750 2292 nsque
784 2215 956 2284 aetatem,
992 2207 1102 2274 secuti
1138 2218 1235 2286 sunt;
1270 2243 1314 2256 -
1344 2206 1373 2272 si
1407 2207 1513 2295 igitur
1544 2203 1684 2270 nomina
1722 2203 1914 2288 proferrem
1942 2221 2169 2280 ronarosnnrr,

640 2345 787 2401 mussi,
817 2301 983 2407 cisami,
1014 2345 1191 2402 wannrsrr,
1219 2344 1416 2401 barsuman,
1449 2343 1636 2400 nrwroars,
1668 2343 1803 2388 noorrsr
1833 2322 1965 2399 nostri,
1999 2340 2172 2388 announ-

647 2461 944 2521 arono1‚sunmr,
972 2462 1168 2521 atomon,
1200 2462 1337 2520 nosen,
1361 2442 1576 2529 aliorumque
1598 2444 1814 2519 multorum,
1836 2439 1896 2523 qui
1914 2439 1988 2524 pari
1998 2439 2172 2526 diligentie

533 2577 539 2584 ’
640 2581 679 2627 ao
717 2560 878 2626 scientiae
921 2581 1057 2636 amore,
1095 2571 1157 2627 aut
1192 2561 1372 2646 indagandi
1417 2561 1622 2646 cupiditate,
1661 2559 1697 2623 in
1728 2557 1795 2622 illel
1826 2555 1933 2622 sured
1962 2566 2092 2633 aetate,
2129 2561 2172 2624 ad

643 2677 817 2742 doctrinae
851 2677 969 2742 laudes
1004 2680 1272 2757 contenderunt,
1293 2680 1419 2763 quique
1444 2679 1721 2746 doctissimorum
1747 2687 1783 2742 et
1802 2678 1856 2743 rel
1878 2674 2172 2762 sagacissimorum
2256 2720 2261 2728 ·

642 2792 968 2860 mathematicorum
997 2795 1231 2864 recentiorum
1261 2810 1399 2864 coetum
1429 2798 1693 2866 celeberrimum
1714 2793 1989 2866 constituerunt,
2015 2827 2059 2840 -
2084 2793 2114 2858 si
2131 2795 2174 2858 ad

642 2914 726 2978 baec
750 2910 895 2994 adjicere
912 2930 1064 2994 possem,
1092 2933 1180 2998 (puae
1207 2918 1346 2982 tandem
1370 2917 1677 3003 aquampluribus
1703 2914 1784 2983 viris
1811 2911 2072 2996 eruditissimis,
2095 2913 2172 2979 inde

643 3054 665 3098 a
681 3031 752 3098 line
776 3033 1008 3115 praecedentis
1039 3037 1189 3114 saeculi,
1216 3039 1258 3102 ad
1283 3041 1349 3104 hoe
1377 3059 1485 3123 usque
1506 3047 1662 3121 tempus,
1686 3033 1933 3119 pervestigata,
1959 3032 2117 3119 indagata
2137 3043 2172 3099 et

642 3163 780 3237 reperta
797 3163 897 3232 sunt;
915 3192 959 3204 —
978 3155 1136 3238 prolecto
1149 3157 1220 3238 dies
1238 3179 1294 3224 me
1315 3158 1492 3233 deficeret,
1519 3177 1583 3222 nec
1611 3153 1802 3221 orationem
1829 3151 1976 3222 habere,
2000 3160 2054 3233 et,
2080 3153 2172 3235 quod

644 3271 861 3356 propositum
891 3281 964 3344 est.
986 3273 1149 3356 probare,
1182 3277 1241 3340 sed
1268 3276 1384 3361 potius
1410 3273 1598 3340 matheseos
1629 3271 1796 3338 lucaico
1819 3277 1979 3352 excerpta
2006 3269 2171 3350 quaedam

647 3390 824 3458 vobiscum
850 3391 1104 3460 communicare
1126 3395 1271 3464 viderer.

690 3509 767 3574 Tali
798 3510 940 3595 quidem
970 3513 1091 3589 modo,
1130 3511 1171 3579 A.
1201 3511 1254 3578 A!
1288 3513 1455 3598 patientia
1482 3524 1518 3580 et
1562 3507 1776 3599 indulgentid
1812 3505 1926 3576 vestra
1958 3525 2000 3570 ne
2037 3503 2171 3570 abutar.

642 3625 691 3700 At
712 3636 850 3694 tantum
875 3628 961 3694 mibi
996 3629 1207 3706 concedatis,
1231 3640 1272 3697 ut
1301 3630 1417 3716 paucis
1447 3640 1602 3716 repetam
1629 3639 1664 3696 et
1693 3627 1729 3693 in
1756 3625 1958 3692 memoriam
1992 3643 2172 3703 revocem,

645 3746 682 3810 in
704 3755 875 3830 qusntmn
903 3755 938 3812 et
965 3765 1069 3830 qaam
1103 3746 1220 3819 brevi.
1259 3749 1583 3816 matbematicarum
1616 3744 1880 3830 disciplinarum
1918 3739 2045 3808 auxilia
2075 3747 2174 3804 aucta

647 3865 737 3943 sint,
769 3889 839 3947 quc
855 3866 980 3934 melius
1001 3864 1043 3929 de
1070 3862 1111 3930 iis
1135 3864 1367 3930 recentiorum
1393 3867 1719 3934 mathematicorum
1744 3862 1896 3933 meritis,
1926 3853 2112 3938 dequibus
2137 3854 2173 3916 in

647 3979 714 4042 bac
740 3976 894 4043 oratione
920 3977 1031 4044 dicere
1057 3979 1183 4056 velim,
1205 3979 1359 4067 judicare
1381 3980 1526 4062 possitis.

695 4091 785 4160 Cum
804 4092 909 4181 igitur
932 4117 952 4162 a
971 4096 1351 4165 aanmromechanices
1370 4096 1440 4163 sire
1458 4095 1571 4181 potius
1592 4093 1729 4161 statioes
1750 4102 1785 4160 et
1806 4091 2057 4178 hydrostatices
2075 4091 2174 4176 prin-

651 4209 739 4294 cipia
766 4211 968 4280 confirmata
993 4215 1159 4298 fuissent,
1193 4237 1340 4302 cumque
1371 4212 1488 4281 motds
1521 4214 1688 4300 quasdam
1723 4213 1816 4298 leges
1848 4209 2050 4298 detegisset,
2072 4209 2174 4274 -ad

650 4331 716 4396 boc
749 4348 852 4406 oum,
878 4332 1100 4418 paulopost,
1133 4335 1442 4422 hydrodynamicss
1462 4334 1616 4400 studium
1646 4331 1771 4399 melius
1800 4329 1921 4397 fuisset
1952 4330 2172 4403 inchoatum,

652 4445 771 4513 statim
808 4467 926 4514 omnes
950 4447 1044 4518 illins
1067 4455 1189 4521 aetatis
1211 4453 1435 4522 eruditissimi
1461 4461 1652 4542 geometrae
1678 4451 1713 4516 in
1738 4448 1831 4518 hisce
1848 4448 2037 4534 disciplinis
2058 4447 2176 4514 lauda·

652 4565 768 4658 bilitas
793 4565 1033 4647 elaborarunt,
1069 4570 1118 4638 ita
1152 4581 1193 4638 ut
1218 4572 1259 4637 iis
1290 4572 1487 4638 felicissime
1515 4567 1718 4658 contigerit,
1749 4567 1922 4634 variarum
1952 4564 2173 4652 questionum

655 4683 938 4766 consideratione,
965 4685 1196 4756 subsidiorum
1233 4690 1364 4776 copiam
1393 4691 1571 4778 insigniter
1596 4707 1742 4776 augere,
1767 4687 1811 4754 ad
1831 4687 1960 4754 multas
1984 4703 2039 4752 res
2068 4698 2173 4748 novas
