4956 6246
652 764 695 828 ῃ
937 749 1116 816 tatanus
1138 747 1356 817 sereretur
1379 747 1470 822 vlu
1494 747 1658 835 conor,
1682 749 1713 818 s.
1739 750 1780 818 c.
1805 752 1879 817 ru.

650 983 771 1032 verum
789 958 857 1022 elie
872 954 1050 1039 pollicitus
1071 973 1140 1020 non
1166 954 1230 1022 fui.
1275 952 1391 1037 Neque
1418 964 1535 1018 temen
1559 966 1735 1020 momento
1757 973 1820 1018 suo
1841 951 2029 1032 destituta,
2060 971 2121 1024 aut
2143 963 2186 1026 ab

649 1082 714 1156 iis,
743 1074 868 1160 quibus
888 1081 1006 1138 nostra
1024 1089 1161 1154 quoque
1180 1079 1338 1154 tempora
1353 1079 1477 1155 egent,
1500 1071 1611 1136 aliena
1629 1074 1729 1150 haec,
1754 1083 1794 1137 nt
1809 1072 1955 1137 tidenter
1974 1079 2183 1164 pronuncio,

651 1192 864 1264 existimatis.
909 1192 971 1256 Est
987 1189 1079 1254 enim
1102 1193 1193 1256 haud
1209 1194 1285 1256 leve
1301 1191 1479 1278 negotium
1499 1193 1599 1257 unice
1623 1214 1744 1259 verum
1761 1191 1904 1270 sectari3
1930 1191 2053 1258 abhoc
2077 1199 2184 1283 magis

652 1314 807 1380 minusve
835 1311 927 1377 varia
954 1309 1088 1374 ratione
1122 1317 1157 1372 et
1196 1308 1296 1374 variis
1326 1311 1368 1375 de
1409 1311 1517 1374 causis
1557 1311 1650 1376 haud
1680 1332 1805 1397 paucos
1843 1321 1878 1376 et
1913 1323 2035 1376 nostra
2072 1325 2183 1380 aetate

653 1431 807 1495 videmus
834 1427 1073 1502 deflectentem
1107 1435 1171 1492 nec
1202 1425 1325 1492 desunt
1355 1431 1522 1492 nonnulla
1546 1429 1673 1495 nostris
1703 1427 1823 1494 diebus
1851 1430 1886 1493 in
1914 1429 2027 1496 Patria
2047 1453 2183 1518 quoque

650 1555 768 1610 nostra
785 1547 928 1631 agitata,
947 1565 1031 1629 quae
1048 1545 1127 1610 inde
1147 1546 1288 1611 demum
1306 1546 1496 1612 dirimenda
1516 1548 1687 1613 videntur.
1732 1546 1866 1612 Novum
1884 1569 2043 1633 campum
2063 1551 2184 1617 videtis

652 1676 828 1750 apertum,
846 1664 1034 1748 spatiosum
1054 1663 1179 1738 illum,
1208 1673 1244 1728 at
1263 1663 1332 1728 levi
1355 1685 1448 1730 nuuc
1475 1666 1559 1748 pede
1582 1670 1795 1734 calcandum.

700 1785 794 1850 Inest
819 1785 960 1850 omnino
984 1780 1116 1849 homini
1134 1779 1205 1846 veri
1226 1782 1405 1866 studium,
1433 1794 1470 1850 at
1498 1785 1612 1850 eidem
1637 1789 1728 1851 haud
1754 1805 1861 1869 parma
1885 1766 2005 1849 insunt
2023 1805 2184 1870 generoso

655 1903 737 1966 huic
764 1902 878 1968 studio
905 1900 1084 1967 contraria.
1132 1895 1200 1984 Qui
1228 1919 1350 1963 verum
1387 1900 1487 1965 unice
1526 1903 1609 1966 velit
1647 1903 1789 1979 sectari,
1822 1901 1904 1966 huic
1935 1902 2028 1965 haud
2058 1923 2183 1984 paucae

657 2023 867 2104 superandae
894 2029 977 2084 sunt
1003 2019 1233 2083 difficultates.
1287 2017 1469 2103 Magnum,
1508 2019 1691 2096 iteratum,
1726 2037 1789 2080 nec
1821 2037 1973 2099 unquam
2004 2027 2182 2101 peractum

625 2138 806 2204 ·laborem
832 2138 897 2201 sibi
925 2140 1080 2219 postulat
1109 2137 1180 2202 veri
1210 2136 1391 2222 indagatio.
1436 2135 1550 2202 Multa
1573 2144 1656 2198 sunt
1677 2131 1897 2214 inquirenda,
1921 2137 2033 2197 multa
2059 2139 2184 2218 explo-

653 2257 779 2333 randa,
802 2265 988 2338 nostreque
1008 2257 1113 2321 etiam
1138 2255 1300 2320 continue
1328 2275 1416 2320 noro
1437 2254 1583 2320 examini
1603 2251 1826 2338 subjicienda.
1872 2248 2029 2316 Profecto
2049 2255 2182 2318 facilins

657 2388 732 2456 est,
757 2375 806 2456 id,
823 2375 914 2456 quod
932 2378 1038 2440 semel
1063 2375 1262 2452 didicimus,
1284 2383 1400 2439 tenere
1424 2375 1603 2458 tuerique,
1629 2389 1869 2456 quamverum
1891 2370 2012 2432 sectari
2024 2391 2032 2446 ;
2061 2381 2094 2436 et
2114 2375 2183 2436 late

655 2493 759 2562 eheu!
784 2495 981 2560 dominetur
1005 2497 1040 2558 in
1057 2491 1256 2560 hominibus
1279 2489 1409 2556 desidia
1430 2493 1492 2556 illa
1515 2501 1551 2557 et
1570 2488 1703 2578 ignavia
1723 2484 1849 2552 laboris
1875 2485 2066 2566 impatiens.
2114 2492 2183 2552 Ac-

655 2613 744 2679 cedit
763 2614 854 2696 quod
866 2613 894 2675 is
911 2613 970 2695 qui
985 2634 1106 2678 verum
1125 2611 1224 2674 unice
1242 2620 1394 2678 sectatur
1412 2612 1505 2675 haud
1522 2631 1599 2675 raro
1611 2614 1736 2675 horum
1758 2604 2016 2678 cavillationes,
2038 2605 2179 2672 illorum

654 2728 933 2814 reprehensiones
962 2728 1129 2807 incurrit,
1155 2730 1273 2794 odium
1295 2730 1401 2796 etiam
1427 2731 1463 2792 iu
1493 2751 1528 2794 se
1555 2729 1670 2794 videre
1702 2735 1817 2810 potest
1844 2743 2022 2804 exarsum,
2048 2725 2181 2787 aditum

657 2852 699 2916 ed
720 2871 776 2924 ea,
800 2869 886 2933 quae
903 2850 1035 2926 ambit,
1059 2852 1295 2933 praeclusum,
1319 2859 1356 2914 et
1378 2867 1463 2932 quae
1479 2849 1546 2914 alia
1567 2870 1639 2914 esse
1659 2853 1822 2930 possunt,
1846 2863 1933 2927 quae
1950 2862 2070 2906 verum
2084 2842 2183 2905 unice

654 2978 843 3034 sectantem
861 2966 1082 3033 concomitari
1101 2969 1489 3052 nonnunquamsolent,
1509 2967 1734 3032 incommoda.
1767 2964 1989 3052 Pugnandum
2010 2940 2182 3046 praeterea

655 3088 788 3172 saepius
821 3097 872 3152 est
907 3105 986 3150 cum
1014 3085 1116 3148 insita
1151 3085 1346 3149 hominibus
1382 3084 1562 3168 superbia,
1604 3105 1690 3170 quae
1725 3085 1889 3150 erravisse
1924 3106 1959 3147 se
1999 3082 2182 3146 difficulter

656 3205 858 3294 confitetur,
896 3202 1110 3284 aliorumque
1141 3202 1268 3268 rectius
1304 3202 1496 3269 videntium
1533 3201 1729 3268 sententias
1758 3221 1837 3267 cum
1881 3200 1951 3265 suis
1988 3209 2184 3282 permutare

657 3330 814 3394 recusat3
846 3340 926 3384 cum
963 3321 1085 3384 multis
1118 3321 1336 3405 opinionibus
1366 3344 1385 3386 a
1416 3323 1563 3406 pueritia
1586 3324 1664 3386 inde
1689 3321 1882 3406 conceptis,
1917 3341 2009 3404 quae·
2027 3320 2185 3404 propriae

655 3441 726 3522 jam
757 3437 865 3502 factae
890 3447 972 3502 sunt
993 3446 1028 3502 et
1055 3440 1155 3524 longa
1185 3439 1430 3506 consuetudine
1460 3442 1555 3524 quasi
1593 3448 1762 3514 sac1·atae;
1798 3461 1878 3504 cum
1908 3439 2009 3503 variis
2038 3437 2182 3518 denique

661 3556 837 3622 affectibus
857 3581 876 3622 a
894 3579 975 3624 vero
999 3558 1261 3636 abducentibus.
1308 3558 1383 3623 imo
1406 3581 1487 3624 vero
1510 3578 1567 3635 ea,
1599 3581 1684 3644 quae
1713 3560 1888 3634 homines,
1910 3556 2050 3642 juvenes
2074 3553 2184 3637 potis·

660 3677 809 3752 simum,
831 3677 922 3740 haud
941 3697 1064 3761 parum
1088 3680 1335 3753 condecorant,
1358 3678 1586 3743 reverentiam
1605 3687 1690 3760 puta
1712 3681 1908 3763 majorum,
1931 3674 2181 3742 venerationem

612 3769 616 3776 ⁴
659 3795 922 3881 magistrorum,
952 3797 1240 3861 existimationem
1262 3815 1466 3880 magnorum
1503 3797 1677 3872 virorum,
1713 3801 1796 3861 haec
1821 3795 1895 3879 ipsa
1916 3795 2079 3878 iuquam,
2105 3809 2183 3855 vero

658 3913 756 4008 unice
779 3915 937 3976 sectando
967 3914 1016 3978 ita
1044 3913 1161 3978 obesse
1184 3923 1350 3996 possunt,
1382 3923 1421 3977 ut
1442 3933 1565 3992 parum
1586 3915 1692 3999 absit,
1720 3918 1804 3998 quin
1830 3935 1907 3978 cum
1934 3914 2026 3974 hisce
2051 3933 2185 3988 errare,

661 4049 767 4114 quam
790 4049 869 4090 oum
892 4028 968 4090 aliis
992 4051 1072 4092 vere
1097 4031 1212 4094 videre
1235 4032 1371 4094 malint.
1417 4029 1512 4114 Quae
1531 4053 1610 4096 cum
1636 4035 1684 4095 ita
1712 4033 1797 4103 siut,
1833 4027 1881 4089 nil
1905 4028 2061 4108 profecto
2088 4029 2183 4093 omni

662 4157 818 4226 tempore
845 4145 978 4228 gravius
1003 4145 1243 4210 inculcandum
1268 4157 1320 4214 est
1347 4149 1547 4236 Theologis,
1571 4150 1618 4213 nil
1651 4149 1782 4232 saepius
1805 4147 2049 4230 repetendum,
2076 4167 2182 4230 quam

660 4267 749 4330 hanc
768 4283 837 4328 esse
862 4261 1066 4348 Theologiae
1091 4265 1281 4340 rationem,
1311 4275 1352 4331 ut
1369 4287 1489 4332 verum
1508 4269 1544 4331 in
1564 4289 1603 4333 ea
1628 4268 1727 4333 unice
1742 4267 1788 4333 sit
1808 4269 2023 4333 sectandum.

707 4379 822 4466 Neque
846 4389 924 4446 sane
957 4381 1235 4466 intempestivam
1259 4385 1346 4450 hanc
1377 4407 1495 4452 vocem
1523 4386 1738 4473 judicabitis,
1772 4386 1812 4451 l.
1830 4383 1896 4451 A.i
1930 4401 2011 4449 cum
2032 4382 2182 4466 pericula

664 4520 749 4583 quae
775 4507 809 4563 et
832 4508 948 4564 nostra
966 4510 1057 4565 aetas
1090 4501 1223 4567 abunde
1252 4503 1412 4586 praebet,
1445 4527 1488 4570 ne
1512 4525 1531 4568 a
1555 4525 1636 4570 vero
1658 4505 1757 4568 unice
1792 4505 1952 4568 sectando
1982 4502 2183 4566 detrahatur

664 4622 878 4707 Theologus,
923 4621 1162 4704 respicientes,
1208 4629 1286 4684 tum
1327 4621 1530 4702 praesertim
1571 4619 1662 4686 varia
1695 4619 1731 4680 in
1774 4619 1957 4706 Theologia
1999 4617 2184 4683 hodiedum

663 4738 844 4805 hominum
867 4739 979 4854 studia
996 4737 1316 4804 animadvertentes.
1360 4737 1434 4806 Non
1455 4742 1594 4817 desunt,
1614 4741 1719 4805 eheu!
1743 4739 1778 4802 in
1801 4739 2014 4804 sanctissimo
2041 4755 2182 4798 munere

664 4860 831 4946 gerendo,
864 4859 923 4942 qui
951 4845 1070 4927 auram
1105 4867 1280 4959 sectantur
1315 4855 1538 4944 popularem,
1571 4861 1612 4924 de
1647 4841 1844 4924 lromirliliirs
1879 4859 1920 4922 ad
1949 4851 2181 4922 retrahendis
