4956 6246
664 757 704 823 16
902 753 1164 825 CORNELII
1216 756 1391 830 PRUYS
1435 761 1544 836 VAN
1589 765 1692 837 DER
1735 766 1955 842 HOEVEN

657 977 753 1023 amor
783 966 819 1024 et
843 957 1005 1026 scientiae
1027 970 1064 1027 et
1091 983 1196 1046 quam
1223 985 1348 1048 parum
1379 966 1461 1032 huic
1495 970 1706 1038 academicae
1732 972 1945 1058 institutioni
1981 982 2178 1060 conveniat,

656 1076 861 1160 perspicitis.
906 1074 990 1165 Quis
1018 1082 1111 1147 enim
1133 1101 1231 1146 sanae
1254 1084 1380 1152 mentis
1407 1086 1525 1170 dicat,
1552 1099 1614 1156 aut
1631 1090 1755 1158 habeat
1780 1093 1989 1160 academiam
2010 1100 2179 1182 quoddam

654 1193 751 1279 quasi
769 1193 984 1281 pedaneum
1001 1198 1249 1264 seminarium?
2231 1193 2240 1202 ’

697 1311 754 1380 Sic
781 1317 896 1382 hercle
931 1317 1137 1403 disputando
1162 1338 1201 1386 ac
1226 1319 1454 1402 perquirendo
1479 1340 1550 1386 non
1573 1326 1729 1391 multum
1760 1328 1938 1415 bucusque
1969 1333 2179 1416 proiecimus

650 1431 732 1501 ΔΑΕ
755 1457 867 1522 neque
884 1460 903 1503 e
918 1438 1106 1527 longinquo
1120 1446 1262 1522 portum
1274 1457 1386 1522 ,;.quo
1403 1439 1594 1518 tendimus,
1623 1443 1732 1508 video.
1765 1443 1835 1510 Nec
1851 1456 1967 1513 tamen
1997 1451 2180 1536 desperan-

652 1549 736 1617 dum
762 1563 831 1630 est,
856 1556 941 1622 duce
972 1565 1007 1622 et
1033 1557 1169 1643 auspice
1203 1555 1464 1626 meratenam
1486 1558 1653 1626 nimirum
1678 1584 1739 1630 nec
1765 1567 1870 1634 latuit
1902 1567 1967 1632 iste
1989 1589 2176 1651 puerorum

650 1668 904 1756 pedaminum,
925 1697 1036 1762 neque
1057 1676 1216 1742 idoneum
1230 1697 1270 1740 ac
1293 1696 1422 1759 suppar
1441 1671 1657 1764 pedentiemo
1676 1683 1881 1752 remedium.
1916 1683 2178 1772 Xenophontem

648 1789 815 1876 legentes,
839 1795 1069 1879 praeceptoris
1088 1797 1298 1861 recolentem
1326 1793 1555 1878 memoriam,
1584 1797 1697 1865 ubivis
1720 1801 1922 1869 offendimus
1953 1824 2091 1888 pueros,
2116 1811 2177 1868 aut

647 1907 916 1972 adolescentulos
931 1933 1033 1976 vanos
1043 1954 1053 1986 ,
1070 1911 1257 1993 superbos,
1277 1912 1478 1997 adrogantes
1496 1933 1623 1997 suaque
1642 1918 1794 1986 tumidos
1812 1929 1848 1986 et
1866 1921 2001 1989 inflatos
2021 1919 2174 1988 scientia.

647 2019 780 2087 Horum
808 2022 939 2084 animos
964 2022 1179 2086 sermonibus
1209 2024 1280 2086 suis
1315 2045 1481 2108 purgare,
1516 2035 1715 2106 emendare.
1748 2039 1916 2126 corrigere
1946 2049 1983 2106 ct
2023 2036 2175 2124 aprovis

645 2139 862 2225 opinionibus
889 2140 1037 2208 liberare
1063 2139 1243 2217 studebat,
1279 2142 1507 2218 ostendendo,
1528 2148 1653 2212 eximia
1677 2172 1735 2229 ea,
1763 2173 1832 2236 qua
1855 2159 2031 2236 ponebat,
2062 2156 2177 2225 obste.

647 2258 793 2325 tricandi
834 2269 927 2338 arte,
977 2281 1082 2344 quam
1126 2257 1215 2322 nibil
1247 2255 1375 2321 scirem
1414 2255 1569 2342 nihilque
1604 2261 1739 2348 ingenio
1780 2276 1962 2348 parerent,
1982 2270 2061 2352 ,qui
2103 2293 2174 2340 sese

647 2375 738 2440 mira
766 2375 927 2445 scientiae
960 2381 1058 2462 prole
1084 2374 1240 2464 gravidos
1267 2373 1470 2452 credebant,
1497 2385 1539 2444 ut
1570 2378 1653 2464 ipsis
1682 2381 1844 2450 acciderit
1874 2383 1985 2464 idem,
2015 2387 2107 2472 quod
2137 2388 2172 2453 in
2239 2411 2244 2418 ¹

642 2495 781 2566 fabulas

951 2739 1168 2807 Partus-ium
1197 2751 1343 2818 moster,
1373 2751 1533 2807 noratur
1560 2737 1732 2806 ridiculus
1752 2761 1840 2806 mm.

689 2973 745 3042 Sic
758 2977 796 3040 in
811 2977 979 3064 juvenum
1002 2978 1126 3048 animis
1152 2979 1321 3065 pudorem
1352 2978 1546 3046 concitabat
1576 2989 1612 3046 et
1631 2980 1785 3048 dolorem
1809 2978 2018 3056 salutarem,
2044 2979 2169 3066 quibus

645 3094 707 3180 qui
726 3093 792 3162 sibi
820 3094 916 3177 prius
945 3095 1127 3178 placebant
1153 3096 1325 3175 mirifice,
1357 3100 1431 3184 jam
1461 3096 1688 3181 displicebant
1721 3097 1940 3162 vehementer
1952 3141 1965 3176 ,
1998 3095 2169 3162 animulae

644 3236 725 3280 snae
767 3214 983 3299 turpitudine
1022 3214 1215 3302 ingeniique
1254 3214 1452 3291 tenuitate,
1495 3224 1660 3300 tanquam
1693 3213 1730 3280 in
1764 3216 1927 3300 speculo,
1968 3213 2168 3298 conspectis.

644 3331 742 3399 Nunc
757 3353 825 3400 non
850 3335 980 3418 pictam
999 3357 1019 3402 a
1039 3344 1150 3402 semet
1175 3335 1256 3418 ipsis
1277 3335 1422 3420 effigiem
1443 3333 1521 3408 sui.
1544 3342 1586 3399 ut
1603 3331 1779 3412 solebant,
1803 3333 1982 3410 admirari,
2007 3333 2167 3421 diligere,

642 3451 813 3528 venerari,
840 3453 900 3520 sed
915 3461 1081 3540 tanquam
1101 3477 1121 3520 e
1145 3453 1280 3522 somnio
1307 3451 1534 3538 evigilantes,
1558 3473 1594 3516 se
1617 3451 1731 3536 ipsos,
1763 3453 1874 3535 qualis
1892 3463 2008 3523 essent
2032 3473 2167 3528 revera,

642 3591 863 3658 cognoscere,
887 3591 996 3660 neque
1026 3574 1103 3640 aliis
1129 3596 1166 3641 se
1190 3592 1398 3658 praeponere
1428 3592 1555 3656 eosque
1590 3581 1826 3648 contemnere,
1853 3592 1975 3638 verum
2008 3594 2048 3638 ex
2072 3579 2169 3638 tanto

639 3709 708 3774 quo
749 3692 975 3771 tenebantur,
1015 3694 1140 3761 morbo
1177 3696 1411 3762 convalescere
1446 3692 1592 3777 denique
1631 3699 1828 3778 coeperunt.
1874 3689 1946 3758 Hoc
1987 3699 2040 3756 est
2076 3690 2167 3756 illud

638 3809 809 3894 Apollinis
833 3812 991 3897 Delphici
1019 3819 1220 3882 oraculum:
1244 3835 1338 3879 nosce
1362 3823 1395 3876 te
1411 3811 1542 3898 speum,
1573 3833 1614 3877 eu
1639 3815 1736 3899 cujus
1759 3822 1928 3896 tanquam*
1945 3809 2167 3894 cognoscendi

637 3927 855 4006 sapiendique
872 3931 992 4005 initio,
1020 3953 1062 3997 ex
1084 3935 1202 4016 cujus,
1233 3929 1412 4012 inquam,
1426 3940 1522 3994 recta
1540 3929 1824 4012 interpretatione
1846 3925 1957 3992 omnis
1980 3922 2163 3990 hominum

637 4039 781 4108 scientia
799 4039 866 4104 rite
887 4039 1140 4106 existimabitur
1167 4043 1346 4120 omnisque
1359 4044 1525 4123 juvenum
1545 4035 1720 4102 institutio
1741 4039 1879 4120 pendet.

685 4160 738 4226 Ab
757 4159 823 4224 boc
850 4159 990 4224 oraculo
1020 4158 1092 4243 ipse
1119 4153 1384 4241 philosophandi
1414 4150 1617 4235 amandique
1647 4151 1788 4222 initium
1820 4156 1963 4222 duxerat
1997 4154 2163 4228 Socrates.

639 4277 812 4345 Nimirum
836 4298 857 4340 a
887 4297 923 4342 se
950 4277 1023 4362 ipso
1056 4272 1306 4361 cognoscendo,
1350 4269 1582 4346 emendando,
1604 4305 1609 4314 .
1630 4250 1830 4360 castigando
1855 4277 2049 4362 auspicatus
2083 4289 2156 4347 erat

636 4395 829 4486 juventutis
867 4396 1070 4462 erudiendae
1104 4411 1243 4458 munus.
1289 4385 1377 4455 Haec
1418 4386 1450 4454 ci
1486 4389 1600 4454 suerat
1633 4391 1676 4454 ad
1715 4399 1854 4458 tantum
1885 4413 1971 4478 opus
2007 4397 2162 4482 legitima

638 4512 852 4601 praeparatio
887 4523 924 4582 et
949 4515 1108 4583 initiatio.
1154 4509 1224 4578 Nec
1244 4509 1354 4574 facilis
1382 4507 1481 4573 labor
1515 4516 1607 4574 erat:
1640 4529 1721 4574 nam
1748 4511 1892 4596 vitiosus
1912 4511 2161 4598 cratbocratos

637 4647 674 4704 ot
698 4633 901 4703 libidinosus
922 4635 1087 4722 genioque
1108 4627 1305 4718 indulgendi
1337 4609 1492 4711 cupidus.
1539 4626 1614 4692 Tali
1638 4629 1753 4697 animo
1783 4631 2031 4722 ingenerandae
2063 4641 2160 4700 erant

636 4755 824 4842 perterre.
844 4756 1037 4840 durdpasrc,
1061 4753 1299 4836 durospuropiu,
1325 4746 1530 4814 addiscenda¹
1547 4749 1774 4838 omnibusque
1791 4752 1867 4842 aliis
1893 4755 1994 4822 rebus
2009 4760 2159 4838 :antepo-

626 4873 747 4952 nenda
775 4872 895 4954 uirtus.
940 4870 995 4946 Sic
1026 4873 1097 4958 ipse
1127 4893 1145 4948 e
1184 4867 1335 4946 tenebris
1363 4867 1563 4956 opinionum
1597 4870 1640 4935 ad
1671 4873 1787 4946 lucem
1814 4873 1968 4950 veritatis
2000 4881 2154 4946 erectus,
