4956 6246
658 763 700 826 76
934 755 1112 826 JOANNIS
1142 745 1359 823 l‘lldllllllltil
1392 754 1480 825 VAN
1513 754 1677 838 OOllDT,
1712 757 1743 828 J.
1767 758 1807 828 (l.
1830 756 1907 829 l'lL.

656 975 850 1046 acceptum,
883 962 1078 1048 agnoscenti
1107 973 1142 1028 et
1170 961 1206 1026 in
1234 982 1315 1028 usus
1343 982 1422 1030 suos
1450 961 1674 1030 convertenti.
1718 960 1786 1028 Nec
1810 960 2066 1042 desiderantur,
2089 967 2179 1037 inter

655 1081 830 1156 liberales,
863 1079 924 1164 qui
948 1081 1130 1168 dicuntur,
1158 1081 1251 1146 baud
1281 1079 1389 1166 magis
1421 1088 1529 1163 puto,
1549 1101 1653 1164 quam
1672 1081 1760 1146 inter
1774 1082 2001 1158 orthodoxos,
2025 1085 2084 1168 qui
2104 1087 2179 1154 ubi·

657 1215 802 1276 cumque
819 1198 904 1281 quid
921 1199 1094 1280 profertur
1116 1219 1196 1264 cum
1217 1208 1378 1265 consueta
1399 1197 1464 1264 sibi
1484 1197 1695 1284 proponendi
1714 1199 1846 1266 ratione
1862 1201 1976 1268 minus
1993 1207 2178 1272 concilian-

654 1311 756 1385 dum,
776 1333 846 1378 non
866 1315 907 1378 ad
926 1315 1034 1396 ipsam
1050 1337 1143 1394 ram,
1174 1320 1233 1383 sed
1251 1316 1293 1382 ad
1313 1318 1386 1400 ejus
1411 1325 1548 1384 tanturn
1568 1320 1728 1409 sequelae
1748 1320 1948 1396 attendunt;
1973 1341 2041 1384 non
2057 1343 2177 1390 verane

655 1433 700 1497 sit
721 1433 954 1518 inquirentes,
986 1441 1044 1504 sad
1069 1413 1295 1523 periculosam
1318 1459 1393 1502 eam
1410 1459 1482 1503 esse
1500 1438 1749 1513 declamantes,
1773 1456 1812 1500 ac
1830 1437 1990 1502 sirenum
2007 1441 2179 1522 pernicio-

654 1569 733 1612 sum
754 1573 825 1617 esse
849 1554 978 1637 possit,
1003 1566 1038 1622 et
1066 1557 1100 1620 in
1127 1577 1201 1620 rem
1228 1555 1380 1619 nondum
1403 1557 1634 1638 exploratam,
1662 1565 1826 1639 tanquam
1851 1554 1886 1618 in
1910 1557 2064 1633 hostem,
2094 1559 2178 1624 tuba

653 1668 858 1754 clangentes.
905 1670 970 1738 Sed
999 1674 1082 1758 quid
1106 1669 1234 1756 plura?
1269 1670 1308 1735 ld
1332 1671 1415 1737 satis
1442 1681 1595 1747 constat,
1628 1690 1696 1756 quo
1722 1669 1906 1736 diversiora
1931 1684 2114 1754 appareant
2142 1675 2177 1737 in

655 1783 839 1876 Theologia
866 1793 1046 1858 hominum
1072 1799 1190 1857 nostra
1211 1796 1323 1853 aetate
1346 1789 1482 1866 studia,
1513 1811 1552 1856 eo
1574 1789 1723 1855 severius
1742 1789 1985 1862 vindicandum
2003 1789 2178 1856 inculcan-

656 1904 806 1989 dumque
833 1908 993 1974 omnibus
1028 1919 1079 1975 est
1110 1911 1190 1990 hoc,
1222 1906 1314 1990 quod
1340 1905 1504 1981 diximus,
1541 1923 1662 1970 rernm
1696 1905 1733 1968 in
1761 1904 1947 1992 Theologia
1976 1927 2046 1974 esse
2080 1908 2178 1973 unice

655 2027 866 2114 sectandqm.

700 2136 799 2223 Quod
825 2164 1007 2211 varocum
1033 2147 1228 2213 laciendum
1252 2145 1315 2220 sit,
1340 2153 1478 2229 oportet
1497 2145 1709 2230 Theolognm
1729 2138 1879 2204 liberum
1901 2157 1989 2214 esse,
2013 2159 2076 2205 nec
2095 2143 2176 2208 ullis

655 2257 805 2325 cohiberi
825 2261 986 2346 vinculis,
1010 2287 1078 2350 quo
1100 2266 1215 2330 minus
1238 2283 1358 2330 vuum
1376 2263 1412 2326 in
1431 2262 1593 2328 omnibus
1611 2271 1647 2328 et
1664 2257 1764 2325 unice
1784 2265 1948 2323 sectetur·
1980 2258 2092 2342 Atque
2112 2262 2177 2327 hoc

655 2388 726 2454 est,
755 2380 794 2444 A.
826 2379 886 2447 A.!
911 2384 1031 2462 exiis,
1053 2405 1140 2470 quaa
1163 2395 1281 2451 nostra
1299 2391 1408 2448 aetate
1426 2390 1525 2459 sunt,
1544 2377 1815 2466 quaestionibus,
1838 2378 1962 2462 quibus
1978 2379 2175 2446 dirimendis

654 2498 745 2562 haud
771 2519 895 2582 parum
923 2506 1036 2570 valere
1071 2505 1170 2570 nobis
1202 2504 1336 2569 videtur
1365 2501 1622 2584 simplicissima
1646 2501 1709 2564 illa
1731 2506 1835 2581 atqua
1865 2497 2036 2561 anemius
2055 2507 2175 2584 negata

595 2624 597 2628 '
654 2615 867 2695 observatio,
897 2623 939 2688 ds
967 2642 1034 2704 qua
1059 2623 1210 2689 oratione
1230 2629 1349 2686 nostra
1370 2618 1612 2704 qualicumque
1632 2617 1786 2704 egimus,
1821 2636 1943 2700 nempe
1969 2617 2004 2680 in
2025 2614 2175 2682 Theolo-

653 2735 708 2820 gia
734 2757 854 2803 varum
882 2741 980 2808 unice
1012 2763 1083 2807 esse
1107 2742 1325 2834 sectandum.
1371 2735 1559 2822 Quaeritur
1581 2735 1715 2801 seilicet
1740 2737 1782 2800 de
1804 2756 1865 2817 eo,
1889 2743 2008 2800 utrum
2033 2744 2067 2801 at
2089 2757 2176 2820 qua-

656 2860 753 2918 tenus
781 2852 953 2942 Theologo
978 2879 1016 2922 ea
1031 2924 1035 2930 ,
1048 2859 1117 2926 sint
1145 2858 1335 2942 sequenda,
1363 2874 1450 2939 quae
1474 2863 1535 2919 aut
1557 2853 1715 2920 ecclesiae
1733 2850 1966 2928 Christianae,
1988 2861 2048 2918 aut
2063 2864 2175 2920 certae

654 2974 832 3057 cujusdam
870 2979 942 3061 ejus
984 2976 1133 3040 familiae
1169 2975 1361 3042 doctrinam
1391 2973 1564 3040 continere
1587 2972 1765 3050 dicuntur3
1801 2981 1922 3037 utrum
1948 2983 1983 3036 et
2006 2981 2173 3054 quatenus

654 3094 779 3158 nostris
804 3095 982 3178 speciatim
1008 3093 1209 3180 Theologis,
1240 3091 1400 3157 formulis
1436 3089 1575 3156 Patrum
1604 3087 1771 3154 memoria
1794 3090 1955 3166 sacratis,
1986 3088 2110 3172 quibus
2138 3089 2173 3152 hi

652 3209 856 3277 sententiam
879 3233 977 3279 suam
1006 3213 1138 3300 egregie
1161 3220 1419 3296 expresserunt,
1442 3207 1591 3275 fideliter
1614 3210 1867 3275 adhaerendum
1887 3205 1958 3275 sit?
1980 3207 2133 3274 Profecto
2150 3207 2174 3271 ii

654 3308 722 3398 nou
755 3353 896 3407 sumus,
934 3337 992 3420 qui
1029 3336 1125 3419 parvi
1157 3334 1321 3399 faciamus
1351 3351 1467 3396 vocem
1495 3327 1655 3395 ecclesiae
1683 3326 1833 3404 Christi,
1868 3327 1902 3390 in
1929 3347 1998 3412 qna
2027 3323 2173 3410 Spiritus

654 3448 797 3516 Sanctus
820 3463 977 3520 servatur
1003 3454 1178 3538 vivitque.
1210 3453 1274 3517 etsi
1299 3451 1390 3515 haud
1412 3469 1536 3534 porum
1554 3449 1688 3531 saepius
1708 3467 1788 3512 cum
1809 3447 1928 3511 mundi
1945 3446 2069 3530 spiritu
2091 3463 2173 3508 con·

648 3572 808 3652 jarnctus3
834 3581 892 3637 aut
913 3573 1034 3639 leviter
1057 3573 1289 3638 existimemus
1310 3571 1352 3634 de
1375 3567 1529 3652 scriptis,
1553 3566 1594 3631 iis
1613 3566 1825 3648 temporibus
1845 3569 2027 3645 confectis,
2047 3565 2172 3652 quibus

654 3705 760 3749 novus
787 3687 887 3752 ardor
910 3690 947 3752 in
972 3688 1167 3756 Christiana
1196 3689 1338 3756 ecclesia
1369 3688 1521 3766 exstitit;
1552 3685 1689 3769 scriptis
1719 3688 1858 3773 inquam
1883 3690 1918 3752 in
1943 3689 2034 3754 haud
2057 3684 2173 3772 paucis

650 3805 751 3869 rebus
777 3827 892 3870 veram
918 3807 1093 3893 Euangelii
1118 3809 1284 3871 rationem
1313 3803 1596 3888 exprimentibus.
1644 3803 1708 3870 Vel
1736 3805 1785 3870 sic
1813 3816 1928 3872 tamen
1953 3829 1993 3870 ex
2023 3803 2173 3868 hiscens

651 3923 851 3986 aestimetur
881 3924 1071 4008 Theologus
1101 3945 1178 3991 aare
1208 3923 1436 3998 orthodoxus,
1470 3921 1505 3985 id
1534 3931 1585 3987 est
1616 3933 1709 3990 recta
1738 3924 1900 3995 sentiens;
1932 3923 1997 3982 hoo
2032 3917 2170 4000 quidem

649 4039 786 4101 nomine
809 4037 837 4100 is
867 4037 1005 4101 demum
1036 4039 1157 4122 dignus
1184 4059 1254 4100 asse
1282 4038 1379 4102 nobis
1411 4039 1564 4115 ridetur,
1597 4040 1656 4122 qui
1677 4057 1797 4103 verum
1815 4039 1851 4102 in
1869 4037 2053 4123 Theologia
2072 4037 2172 4101 unice

555 4225 558 4231 ¹
649 4162 811 4217 sectatur.
857 4150 928 4216 Hoc
956 4153 1047 4216 enim
1080 4173 1159 4216 cum
1184 4153 1273 4220 Deus
1303 4165 1339 4222 et
1366 4155 1522 4224 Christus
1546 4159 1676 4232 velint,
1709 4177 1787 4221 cum
1817 4156 1969 4248 muneris
1996 4158 2049 4222 sni
2081 4156 2170 4223 ratio

650 4271 827 4354 postulet.
849 4289 917 4333 non
940 4278 1076 4334 tantum
1097 4273 1348 4339 concedendum
1370 4285 1421 4342 est
1445 4275 1530 4360 ipsi,
1555 4277 1764 4341 discederes
1782 4277 1952 4361 majorum
1973 4273 2170 4345 sententiis,

650 4391 858 4473 ubicumque
881 4409 934 4453 eas
964 4389 1077 4453 minus
1113 4411 1206 4456 veras
1235 4413 1306 4456 essa
1323 4391 1603 4476 deprehenderit,
1624 4393 1683 4456 sad
1705 4401 1742 4456 et
1766 4389 1932 4457 illicitum
1959 4401 2010 4457 est
2033 4409 2171 4476 prorsus

651 4514 743 4577 ultra
762 4511 833 4576 veri
854 4510 994 4574 modum
1016 4511 1286 4577 convenientiam
1306 4531 1382 4576 cum
1409 4513 1502 4578 hisce
1522 4511 1657 4580 sectari.
1703 4508 1857 4574 Hieron
1880 4508 1995 4574 minus
2014 4526 2116 4592 quam
2136 4507 2171 4568 in

650 4631 726 4696 aliis
743 4630 793 4694 nil
812 4629 1157 4711 aliudquaerendum
1180 4637 1254 4703 est,
1273 4628 1337 4692 nisi
1357 4629 1440 4712 qnid
1457 4651 1578 4697 rerum
1599 4631 1656 4697 sit.
1700 4625 1790 4692 Haec
1806 4634 1858 4690 eet
1879 4625 2020 4690 libertas
2031 4668 2041 4701 ,
2064 4639 2168 4704 quam

647 4753 711 4817 sibi
730 4749 900 4817 uindicare
922 4747 1023 4814 debet
1046 4745 1255 4831 Theologus,
1276 4745 1342 4810 nisi
1364 4747 1477 4832 primo
1498 4759 1533 4815 et
1550 4747 1714 4833 primario
1734 4765 1795 4813 suo
1818 4746 1927 4811 officio
1945 4743 2043 4810 desit.
2078 4738 2169 4806 Haec

651 4893 685 4934 sa
704 4880 779 4947 est,
803 4887 907 4954 quarn
922 4867 995 4952 ipsa
1010 4867 1188 4954 symbola,
1202 4883 1288 4952 quae
1300 4865 1485 4952 dicuntur,
1507 4866 1669 4934 ecclesiae
1688 4872 1993 4941 nostraetuentnr,
2005 4859 2168 4927 illicitum
