<?xml version="1.0" encoding="UTF-8"?>
<!DOCTYPE html PUBLIC "-//W3C//DTD XHTML 1.0 Transitional//EN"
    "http://www.w3.org/TR/xhtml1/DTD/xhtml1-transitional.dtd">
<html xmlns="http://www.w3.org/1999/xhtml" xml:lang="en" lang="en">
 <head>
  <title>
</title>
<meta http-equiv="Content-Type" content="text/html;charset=utf-8" />
  <meta name='ocr-system' content='tesseract 3.04.00' />
  <meta name='ocr-capabilities' content='ocr_page ocr_carea ocr_par ocr_line ocrx_word'/>
</head>
<body>
  <div class='ocr_page' id='page_1' title='image "annalesacademic10unkngoog_0108.png"; bbox 0 0 4918 6254; ppageno 0'>
   <div class='ocr_carea' id='block_1_1' title="bbox 701 777 1452 856">
    <p class='ocr_par' dir='ltr' id='par_1_1' title="bbox 701 777 1452 856">
     <span class='ocr_line' id='line_1_1' title="bbox 701 777 1452 856; baseline 0.011 -8"><span class='ocrx_word' id='word_1_1' title='bbox 701 778 962 850; x_wconf 77' lang='lat' dir='ltr'><strong>SlllllliS</strong></span> <span class='ocrx_word' id='word_1_2' title='bbox 1014 777 1452 856; x_wconf 79' lang='lat' dir='ltr'><strong>LECTIONUM·</strong></span> 
     </span>
    </p>
   </div>
   <div class='ocr_carea' id='block_1_2' title="bbox 395 977 1587 1172">
    <p class='ocr_par' dir='ltr' id='par_1_2' title="bbox 395 977 1587 1172">
     <span class='ocr_line' id='line_1_2' title="bbox 395 977 1587 1069; baseline 0.001 -23"><span class='ocrx_word' id='word_1_3' title='bbox 395 979 629 1062; x_wconf 83' lang='lat' dir='ltr'><strong>Antiquitates</strong></span> <span class='ocrx_word' id='word_1_4' title='bbox 647 977 881 1050; x_wconf 78' lang='lat' dir='ltr'><strong>israelitarum</strong></span> <span class='ocrx_word' id='word_1_5' title='bbox 909 983 1116 1069; x_wconf 76' lang='lat' dir='ltr'>explicabit,</span> <span class='ocrx_word' id='word_1_6' title='bbox 1146 983 1267 1050; x_wconf 78' lang='lat' dir='ltr'><strong>diebus</strong></span> <span class='ocrx_word' id='word_1_7' title='bbox 1287 983 1423 1067; x_wconf 87' lang='lat' dir='ltr'><strong>Lunae,</strong></span> <span class='ocrx_word' id='word_1_8' title='bbox 1446 980 1587 1056; x_wconf 85' lang='lat' dir='ltr'><strong>Martis,</strong></span> 
     </span>
     <span class='ocr_line' id='line_1_3' title="bbox 440 1097 1585 1172; baseline 0 -8"><span class='ocrx_word' id='word_1_9' title='bbox 440 1097 601 1166; x_wconf 78' lang='lat' dir='ltr'><strong>Mercurii</strong></span> <span class='ocrx_word' id='word_1_10' title='bbox 628 1110 664 1166; x_wconf 89' lang='lat' dir='ltr'><strong>et</strong></span> <span class='ocrx_word' id='word_1_11' title='bbox 685 1099 777 1168; x_wconf 81' lang='lat' dir='ltr'><strong>iovis</strong></span> <span class='ocrx_word' id='word_1_12' title='bbox 825 1150 834 1169; x_wconf 84' lang='lat'><strong>.</strong></span> <span class='ocrx_word' id='word_1_13' title='bbox 883 1149 893 1170; x_wconf 90' lang='lat'><strong>.</strong></span> <span class='ocrx_word' id='word_1_14' title='bbox 928 1151 932 1161; x_wconf 85' lang='grc'><em>,</em></span> <span class='ocrx_word' id='word_1_15' title='bbox 940 1143 1585 1172; x_wconf 86' lang='grc'><strong>............</strong></span> 
     </span>
    </p>
   </div>
   <div class='ocr_carea' id='block_1_3' title="bbox 308 1217 1591 1416">
    <p class='ocr_par' dir='ltr' id='par_1_3' title="bbox 308 1217 1591 1416">
     <span class='ocr_line' id='line_1_4' title="bbox 308 1217 1591 1310; baseline 0.001 -27"><span class='ocrx_word' id='word_1_16' title='bbox 308 1221 338 1285; x_wconf 87' lang='lat' dir='ltr'><strong>J.</strong></span> <span class='ocrx_word' id='word_1_17' title='bbox 370 1217 485 1286; x_wconf 75' lang='lat' dir='ltr'><strong>BAKE</strong></span> <span class='ocrx_word' id='word_1_18' title='bbox 515 1231 550 1286; x_wconf 87' lang='lat' dir='ltr'><strong>et</strong></span> <span class='ocrx_word' id='word_1_19' title='bbox 585 1217 621 1287; x_wconf 88' lang='grc' dir='ltr'><strong>Ρ.</strong></span> <span class='ocrx_word' id='word_1_20' title='bbox 655 1218 841 1286; x_wconf 82' lang='lat' dir='ltr'><strong>HOFMAN</strong></span> <span class='ocrx_word' id='word_1_21' title='bbox 869 1219 1129 1288; x_wconf 76' lang='lat' dir='ltr'><strong>PEERLKAMP</strong></span> <span class='ocrx_word' id='word_1_22' title='bbox 1172 1225 1356 1310; x_wconf 73' lang='lat' dir='ltr'><strong>praeerunt</strong></span> <span class='ocrx_word' id='word_1_23' title='bbox 1394 1217 1591 1305; x_wconf 86' lang='lat' dir='ltr'><strong>disputandi</strong></span> 
     </span>
     <span class='ocr_line' id='line_1_5' title="bbox 350 1337 1582 1416; baseline -0.001 -12"><span class='ocrx_word' id='word_1_24' title='bbox 350 1338 538 1416; x_wconf 84' lang='lat' dir='ltr'><strong>exercitiis,</strong></span> <span class='ocrx_word' id='word_1_25' title='bbox 570 1337 688 1405; x_wconf 86' lang='lat' dir='ltr'><strong>diebus</strong></span> <span class='ocrx_word' id='word_1_26' title='bbox 716 1337 878 1406; x_wconf 82' lang='lat' dir='ltr'><strong>Mercurii</strong></span> <span class='ocrx_word' id='word_1_27' title='bbox 946 1383 1412 1406; x_wconf 89' lang='grc'><strong>.........</strong></span> <span class='ocrx_word' id='word_1_28' title='bbox 1420 1351 1422 1358; x_wconf 81' lang='grc'><em>’</em></span> <span class='ocrx_word' id='word_1_29' title='bbox 1460 1383 1468 1403; x_wconf 92' lang='grc'><em>.</em></span> <span class='ocrx_word' id='word_1_30' title='bbox 1516 1383 1524 1400; x_wconf 94' lang='grc'><strong>.</strong></span> <span class='ocrx_word' id='word_1_31' title='bbox 1574 1383 1582 1401; x_wconf 93' lang='grc'><strong>.</strong></span> 
     </span>
    </p>
   </div>
   <div class='ocr_carea' id='block_1_4' title="bbox 948 1475 1129 1503">
    <p class='ocr_par' dir='ltr' id='par_1_4' title="bbox 948 1475 1129 1503">
     <span class='ocr_line' id='line_1_6' title="bbox 948 1475 1129 1503; baseline 0.011 -9"><span class='ocrx_word' id='word_1_32' title='bbox 948 1475 1129 1503; x_wconf 69' lang='lat' dir='ltr'><strong>unq——</strong></span> 
     </span>
    </p>
   </div>
   <div class='ocr_carea' id='block_1_5' title="bbox 306 1579 1832 4147">
    <p class='ocr_par' dir='ltr' id='par_1_5' title="bbox 309 1579 1586 1888">
     <span class='ocr_line' id='line_1_7' title="bbox 309 1579 1586 1672; baseline 0.002 -26"><span class='ocrx_word' id='word_1_33' title='bbox 309 1581 342 1646; x_wconf 83' lang='grc' dir='ltr'><strong>Ρ.</strong></span> <span class='ocrx_word' id='word_1_34' title='bbox 362 1580 403 1648; x_wconf 94' lang='grc' dir='ltr'><strong>Ο.</strong></span> <span class='ocrx_word' id='word_1_35' title='bbox 423 1579 514 1648; x_wconf 75' lang='lat' dir='ltr'><strong>vlu</strong></span> <span class='ocrx_word' id='word_1_36' title='bbox 532 1581 620 1650; x_wconf 89' lang='lat' dir='ltr'><strong>DER</strong></span> <span class='ocrx_word' id='word_1_37' title='bbox 639 1583 778 1663; x_wconf 84' lang='lat' dir='ltr'><strong>ClllJS,</strong></span> <span class='ocrx_word' id='word_1_38' title='bbox 812 1590 918 1656; x_wconf 85' lang='lat' dir='ltr'><strong>titulo</strong></span> <span class='ocrx_word' id='word_1_39' title='bbox 944 1589 1035 1658; x_wconf 87' lang='lat' dir='ltr'><strong>Prof.</strong></span> <span class='ocrx_word' id='word_1_40' title='bbox 1065 1590 1236 1658; x_wconf 83' lang='lat' dir='ltr'><strong>extraord.</strong></span> <span class='ocrx_word' id='word_1_41' title='bbox 1257 1599 1420 1672; x_wconf 84' lang='lat' dir='ltr'><strong>ornatus,</strong></span> <span class='ocrx_word' id='word_1_42' title='bbox 1449 1583 1586 1652; x_wconf 85' lang='lat' dir='ltr'><strong>Numis-</strong></span> 
     </span>
     <span class='ocr_line' id='line_1_8' title="bbox 351 1687 1584 1796; baseline 0.002 -30"><span class='ocrx_word' id='word_1_43' title='bbox 351 1700 514 1766; x_wconf 88' lang='lat' dir='ltr'><strong>maticam</strong></span> <span class='ocrx_word' id='word_1_44' title='bbox 542 1706 735 1788; x_wconf 78' lang='lat' dir='ltr'><strong>generalem</strong></span> <span class='ocrx_word' id='word_1_45' title='bbox 758 1687 892 1774; x_wconf 84' lang='lat' dir='ltr'><strong>tradere</strong></span> <span class='ocrx_word' id='word_1_46' title='bbox 922 1717 1061 1796; x_wconf 83' lang='lat' dir='ltr'><strong>paratus</strong></span> <span class='ocrx_word' id='word_1_47' title='bbox 1090 1718 1143 1776; x_wconf 87' lang='lat' dir='ltr'><strong>est</strong></span> <span class='ocrx_word' id='word_1_48' title='bbox 1169 1709 1288 1775; x_wconf 88' lang='lat' dir='ltr'><strong>diebus</strong></span> <span class='ocrx_word' id='word_1_49' title='bbox 1314 1715 1350 1774; x_wconf 92' lang='lat' dir='ltr'><strong>et</strong></span> <span class='ocrx_word' id='word_1_50' title='bbox 1375 1705 1468 1770; x_wconf 89' lang='lat' dir='ltr'><strong>boris</strong></span> <span class='ocrx_word' id='word_1_51' title='bbox 1497 1725 1584 1789; x_wconf 90' lang='lat' dir='ltr'><strong>quae</strong></span> 
     </span>
     <span class='ocr_line' id='line_1_9' title="bbox 352 1817 796 1888; baseline 0.018 -8"><span class='ocrx_word' id='word_1_52' title='bbox 352 1817 565 1885; x_wconf 78' lang='lat' dir='ltr'><strong>auditoribus</strong></span> <span class='ocrx_word' id='word_1_53' title='bbox 582 1821 796 1888; x_wconf 84' lang='lat' dir='ltr'><strong>convenient.</strong></span> 
     </span>
    </p>

    <p class='ocr_par' dir='ltr' id='par_1_6' title="bbox 307 1933 1585 2133">
     <span class='ocr_line' id='line_1_10' title="bbox 307 1933 1585 2028; baseline 0.011 -28"><span class='ocrx_word' id='word_1_54' title='bbox 307 1937 344 2000; x_wconf 92' lang='lat' dir='ltr'><strong>F.</strong></span> <span class='ocrx_word' id='word_1_55' title='bbox 367 1933 550 2013; x_wconf 76' lang='lat' dir='ltr'><strong>salsus,</strong></span> <span class='ocrx_word' id='word_1_56' title='bbox 575 1935 830 2006; x_wconf 78' lang='lat' dir='ltr'><strong>Astronomiam</strong></span> <span class='ocrx_word' id='word_1_57' title='bbox 854 1943 1090 2010; x_wconf 88' lang='lat' dir='ltr'><strong>Theoreticem</strong></span> <span class='ocrx_word' id='word_1_58' title='bbox 1119 1943 1276 2028; x_wconf 89' lang='lat' dir='ltr'><strong>docebit,</strong></span> <span class='ocrx_word' id='word_1_59' title='bbox 1304 1940 1424 2008; x_wconf 88' lang='lat' dir='ltr'><strong>diebus</strong></span> <span class='ocrx_word' id='word_1_60' title='bbox 1448 1937 1585 2016; x_wconf 78' lang='lat' dir='ltr'><strong>Lunae,</strong></span> 
     </span>
     <span class='ocr_line' id='line_1_11' title="bbox 353 2053 1583 2133; baseline 0 -12"><span class='ocrx_word' id='word_1_61' title='bbox 353 2055 492 2133; x_wconf 87' lang='lat' dir='ltr'><strong>Martis,</strong></span> <span class='ocrx_word' id='word_1_62' title='bbox 516 2053 677 2122; x_wconf 86' lang='lat' dir='ltr'><strong>Mercurii</strong></span> <span class='ocrx_word' id='word_1_63' title='bbox 694 2066 728 2124; x_wconf 86' lang='lat' dir='ltr'><strong>et</strong></span> <span class='ocrx_word' id='word_1_64' title='bbox 747 2053 847 2127; x_wconf 79' lang='lat' dir='ltr'><strong>Joris¹</strong></span> <span class='ocrx_word' id='word_1_65' title='bbox 886 2103 1583 2130; x_wconf 89' lang='grc'><strong>.............</strong></span> 
     </span>
    </p>

    <p class='ocr_par' dir='ltr' id='par_1_7' title="bbox 396 2173 1583 2258">
     <span class='ocr_line' id='line_1_12' title="bbox 396 2173 1583 2258; baseline -0.001 -18"><span class='ocrx_word' id='word_1_66' title='bbox 396 2173 651 2241; x_wconf 78' lang='lat' dir='ltr'><strong>Astronomiam</strong></span> <span class='ocrx_word' id='word_1_67' title='bbox 678 2173 879 2258; x_wconf 85' lang='lat' dir='ltr'><strong>Praeticam,</strong></span> <span class='ocrx_word' id='word_1_68' title='bbox 910 2175 1030 2240; x_wconf 87' lang='lat' dir='ltr'><strong>lisdem</strong></span> <span class='ocrx_word' id='word_1_69' title='bbox 1055 2175 1176 2242; x_wconf 84' lang='lat' dir='ltr'><strong>diebus</strong></span> <span class='ocrx_word' id='word_1_70' title='bbox 1227 2213 1583 2243; x_wconf 80' lang='lat'><strong>.......</strong></span> 
     </span>
    </p>

    <p class='ocr_par' dir='ltr' id='par_1_8' title="bbox 396 2292 1263 2381">
     <span class='ocr_line' id='line_1_13' title="bbox 396 2292 1263 2381; baseline -0.001 -20"><span class='ocrx_word' id='word_1_71' title='bbox 396 2295 491 2361; x_wconf 79' lang='lat' dir='ltr'><strong>Artis</strong></span> <span class='ocrx_word' id='word_1_72' title='bbox 510 2292 712 2358; x_wconf 85' lang='lat' dir='ltr'><strong>observandi</strong></span> <span class='ocrx_word' id='word_1_73' title='bbox 735 2294 913 2359; x_wconf 85' lang='lat' dir='ltr'><strong>exercitiis·</strong></span> <span class='ocrx_word' id='word_1_74' title='bbox 934 2292 1086 2376; x_wconf 88' lang='lat' dir='ltr'><strong>quotidie</strong></span> <span class='ocrx_word' id='word_1_75' title='bbox 1105 2293 1263 2381; x_wconf 78' lang='lat' dir='ltr'><strong>praeirit.</strong></span> 
     </span>
    </p>

    <p class='ocr_par' dir='ltr' id='par_1_9' title="bbox 396 2405 1587 2732">
     <span class='ocr_line' id='line_1_14' title="bbox 396 2405 1580 2496; baseline 0 -20"><span class='ocrx_word' id='word_1_76' title='bbox 396 2410 430 2476; x_wconf 90' lang='lat' dir='ltr'><strong>Si</strong></span> <span class='ocrx_word' id='word_1_77' title='bbox 442 2409 502 2493; x_wconf 90' lang='lat' dir='ltr'><strong>qui</strong></span> <span class='ocrx_word' id='word_1_78' title='bbox 517 2409 609 2486; x_wconf 87' lang='lat' dir='ltr'><strong>sint,</strong></span> <span class='ocrx_word' id='word_1_79' title='bbox 632 2405 821 2484; x_wconf 83' lang='lat' dir='ltr'><strong>Metheseoe</strong></span> <span class='ocrx_word' id='word_1_80' title='bbox 842 2408 1059 2476; x_wconf 88' lang='lat' dir='ltr'><strong>Sublimioris</strong></span> <span class='ocrx_word' id='word_1_81' title='bbox 1079 2411 1161 2478; x_wconf 85' lang='lat' dir='ltr'><strong>satis</strong></span> <span class='ocrx_word' id='word_1_82' title='bbox 1188 2409 1310 2496; x_wconf 84' lang='lat' dir='ltr'><strong>periti,</strong></span> <span class='ocrx_word' id='word_1_83' title='bbox 1327 2410 1387 2494; x_wconf 90' lang='lat' dir='ltr'><strong>qui</strong></span> <span class='ocrx_word' id='word_1_84' title='bbox 1412 2409 1580 2476; x_wconf 83' lang='lat' dir='ltr'><strong>theoriam</strong></span> 
     </span>
     <span class='ocr_line' id='line_1_15' title="bbox 440 2527 1587 2615; baseline 0.002 -23"><span class='ocrx_word' id='word_1_85' title='bbox 440 2539 555 2594; x_wconf 86' lang='lat' dir='ltr'><strong>motus</strong></span> <span class='ocrx_word' id='word_1_86' title='bbox 585 2547 767 2612; x_wconf 90' lang='lat' dir='ltr'><strong>corporum</strong></span> <span class='ocrx_word' id='word_1_87' title='bbox 798 2527 999 2596; x_wconf 87' lang='lat' dir='ltr'><strong>coelestium</strong></span> <span class='ocrx_word' id='word_1_88' title='bbox 1022 2529 1183 2615; x_wconf 86' lang='lat' dir='ltr'><strong>explicari</strong></span> <span class='ocrx_word' id='word_1_89' title='bbox 1205 2528 1271 2597; x_wconf 86' lang='lat' dir='ltr'><strong>sibi</strong></span> <span class='ocrx_word' id='word_1_90' title='bbox 1290 2527 1457 2612; x_wconf 86' lang='lat' dir='ltr'><strong>cupiant,</strong></span> <span class='ocrx_word' id='word_1_91' title='bbox 1485 2529 1587 2594; x_wconf 88' lang='lat' dir='ltr'><strong>borae</strong></span> 
     </span>
     <span class='ocr_line' id='line_1_16' title="bbox 440 2645 1217 2732; baseline 0.005 -22"><span class='ocrx_word' id='word_1_92' title='bbox 440 2645 652 2712; x_wconf 85' lang='lat' dir='ltr'><strong>auditoribus</strong></span> <span class='ocrx_word' id='word_1_93' title='bbox 675 2648 871 2713; x_wconf 84' lang='lat' dir='ltr'><strong>commodas</strong></span> <span class='ocrx_word' id='word_1_94' title='bbox 895 2657 1013 2732; x_wconf 89' lang='lat' dir='ltr'><strong>postea</strong></span> <span class='ocrx_word' id='word_1_95' title='bbox 1042 2647 1217 2714; x_wconf 88' lang='lat' dir='ltr'><strong>indicabit.</strong></span> 
     </span>
    </p>

    <p class='ocr_par' dir='ltr' id='par_1_10' title="bbox 394 2762 1832 2968">
     <span class='ocr_line' id='line_1_17' title="bbox 394 2762 1580 2852; baseline -0.008 -17"><span class='ocrx_word' id='word_1_96' title='bbox 394 2767 649 2835; x_wconf 84' lang='lat' dir='ltr'><strong>Astronomiam</strong></span> <span class='ocrx_word' id='word_1_97' title='bbox 668 2787 773 2851; x_wconf 90' lang='lat' dir='ltr'><strong>quam</strong></span> <span class='ocrx_word' id='word_1_98' title='bbox 791 2769 992 2852; x_wconf 86' lang='lat' dir='ltr'><strong>popularem</strong></span> <span class='ocrx_word' id='word_1_99' title='bbox 1016 2778 1161 2844; x_wconf 85' lang='lat' dir='ltr'><strong>vocant,</strong></span> <span class='ocrx_word' id='word_1_100' title='bbox 1189 2765 1302 2835; x_wconf 84' lang='lat' dir='ltr'><strong>tradet</strong></span> <span class='ocrx_word' id='word_1_101' title='bbox 1329 2764 1384 2829; x_wconf 88' lang='lat' dir='ltr'><strong>dis</strong></span> <span class='ocrx_word' id='word_1_102' title='bbox 1403 2762 1580 2846; x_wconf 85' lang='lat' dir='ltr'><strong>Mercurii,</strong></span> 
     </span>
     <span class='ocr_line' id='line_1_18' title="bbox 438 2881 1832 2968; baseline 0.001 -18"><span class='ocrx_word' id='word_1_103' title='bbox 438 2883 523 2952; x_wconf 76' lang='lat' dir='ltr'><strong>hori</strong></span> <span class='ocrx_word' id='word_1_104' title='bbox 548 2881 741 2968; x_wconf 76' lang='lat' dir='ltr'><strong>vespertini</strong></span> <span class='ocrx_word' id='word_1_105' title='bbox 775 2929 1582 2953; x_wconf 81' lang='grc'><strong>...............</strong></span> <span class='ocrx_word' id='word_1_106' title='bbox 1773 2884 1832 2952; x_wconf 84' lang='lat' dir='ltr'><strong>vl.</strong></span> 
     </span>
    </p>

    <p class='ocr_par' dir='ltr' id='par_1_11' title="bbox 393 2999 1589 3322">
     <span class='ocr_line' id='line_1_19' title="bbox 393 2999 1589 3084; baseline -0.002 -16"><span class='ocrx_word' id='word_1_107' title='bbox 393 2999 1405 3084; x_wconf 76' lang='lat' dir='ltr'><strong>Astronomiaeprimasnotltiesmathematicas,secundum</strong></span> <span class='ocrx_word' id='word_1_108' title='bbox 1417 2999 1589 3066; x_wconf 75' lang='lat' dir='ltr'><strong>lectiones</strong></span> 
     </span>
     <span class='ocr_line' id='line_1_20' title="bbox 440 3117 1581 3208; baseline 0 -23"><span class='ocrx_word' id='word_1_109' title='bbox 440 3117 746 3208; x_wconf 77' lang='lat' dir='ltr'><strong>Cemegropiicnr</strong></span> <span class='ocrx_word' id='word_1_110' title='bbox 777 3142 796 3183; x_wconf 91' lang='lat' dir='ltr'><strong>a</strong></span> <span class='ocrx_word' id='word_1_111' title='bbox 839 3117 1038 3186; x_wconf 86' lang='lat' dir='ltr'><strong>Clarissimo</strong></span> <span class='ocrx_word' id='word_1_112' title='bbox 1070 3139 1110 3184; x_wconf 77' lang='lat' dir='ltr'><strong>nr</strong></span> <span class='ocrx_word' id='word_1_113' title='bbox 1147 3139 1271 3185; x_wconf 74' lang='lat' dir='ltr'><strong>ornnes</strong></span> <span class='ocrx_word' id='word_1_114' title='bbox 1307 3118 1433 3194; x_wconf 86' lang='lat' dir='ltr'><strong>editas,</strong></span> <span class='ocrx_word' id='word_1_115' title='bbox 1469 3120 1581 3187; x_wconf 86' lang='lat' dir='ltr'><strong>tradet</strong></span> 
     </span>
     <span class='ocr_line' id='line_1_21' title="bbox 438 3235 1582 3322; baseline -0.003 -16"><span class='ocrx_word' id='word_1_116' title='bbox 438 3240 557 3306; x_wconf 83' lang='lat' dir='ltr'><strong>eodem</strong></span> <span class='ocrx_word' id='word_1_117' title='bbox 574 3238 629 3304; x_wconf 88' lang='lat' dir='ltr'><strong>dia</strong></span> <span class='ocrx_word' id='word_1_118' title='bbox 653 3235 736 3304; x_wconf 71' lang='lat' dir='ltr'><strong>hori</strong></span> <span class='ocrx_word' id='word_1_119' title='bbox 759 3237 951 3322; x_wconf 76' lang='lat' dir='ltr'><strong>vespertini</strong></span> <span class='ocrx_word' id='word_1_120' title='bbox 996 3284 1582 3308; x_wconf 91' lang='grc'><strong>...........</strong></span> 
     </span>
    </p>

    <p class='ocr_par' dir='ltr' id='par_1_12' title="bbox 393 3353 1585 3562">
     <span class='ocr_line' id='line_1_22' title="bbox 393 3353 1585 3446; baseline 0.002 -26"><span class='ocrx_word' id='word_1_121' title='bbox 393 3353 549 3444; x_wconf 85' lang='lat' dir='ltr'><strong>Singulos</strong></span> <span class='ocrx_word' id='word_1_122' title='bbox 570 3377 650 3423; x_wconf 89' lang='lat' dir='ltr'><strong>euos</strong></span> <span class='ocrx_word' id='word_1_123' title='bbox 667 3356 860 3431; x_wconf 85' lang='lat' dir='ltr'><strong>auditores,</strong></span> <span class='ocrx_word' id='word_1_124' title='bbox 880 3359 924 3424; x_wconf 86' lang='lat' dir='ltr'><strong>ad</strong></span> <span class='ocrx_word' id='word_1_125' title='bbox 941 3359 1099 3443; x_wconf 85' lang='lat' dir='ltr'><strong>coelum,</strong></span> <span class='ocrx_word' id='word_1_126' title='bbox 1117 3358 1195 3426; x_wconf 83' lang='lat' dir='ltr'><strong>tubi</strong></span> <span class='ocrx_word' id='word_1_127' title='bbox 1212 3357 1318 3446; x_wconf 89' lang='lat' dir='ltr'><strong>optici</strong></span> <span class='ocrx_word' id='word_1_128' title='bbox 1342 3379 1427 3444; x_wconf 79' lang='lat' dir='ltr'><strong>ope,</strong></span> <span class='ocrx_word' id='word_1_129' title='bbox 1445 3359 1585 3440; x_wconf 88' lang='lat' dir='ltr'><strong>perlus-</strong></span> 
     </span>
     <span class='ocr_line' id='line_1_23' title="bbox 437 3475 1171 3562; baseline 0.003 -20"><span class='ocrx_word' id='word_1_130' title='bbox 437 3477 624 3554; x_wconf 86' lang='lat' dir='ltr'><strong>trandum,</strong></span> <span class='ocrx_word' id='word_1_131' title='bbox 657 3475 746 3559; x_wconf 89' lang='lat' dir='ltr'><strong>aptis</strong></span> <span class='ocrx_word' id='word_1_132' title='bbox 768 3477 983 3562; x_wconf 80' lang='lat' dir='ltr'><strong>temporibus</strong></span> <span class='ocrx_word' id='word_1_133' title='bbox 1004 3475 1171 3545; x_wconf 79' lang='lat' dir='ltr'><strong>evocabit.</strong></span> 
     </span>
    </p>

    <p class='ocr_par' dir='ltr' id='par_1_13' title="bbox 306 3590 1585 3796">
     <span class='ocr_line' id='line_1_24' title="bbox 306 3590 1585 3679; baseline 0.002 -23"><span class='ocrx_word' id='word_1_134' title='bbox 306 3590 348 3656; x_wconf 89' lang='lat' dir='ltr'><strong>G.</strong></span> <span class='ocrx_word' id='word_1_135' title='bbox 369 3591 573 3672; x_wconf 64' lang='lat' dir='ltr'><strong>ussus,</strong></span> <span class='ocrx_word' id='word_1_136' title='bbox 594 3593 717 3661; x_wconf 88' lang='lat' dir='ltr'><strong>Lector</strong></span> <span class='ocrx_word' id='word_1_137' title='bbox 733 3591 1018 3674; x_wconf 82' lang='lat' dir='ltr'><strong>Germanicarum</strong></span> <span class='ocrx_word' id='word_1_138' title='bbox 1055 3595 1270 3676; x_wconf 85' lang='lat' dir='ltr'><strong>litterarum,</strong></span> <span class='ocrx_word' id='word_1_139' title='bbox 1289 3601 1366 3679; x_wconf 87' lang='lat' dir='ltr'><strong>aget</strong></span> <span class='ocrx_word' id='word_1_140' title='bbox 1384 3593 1426 3657; x_wconf 89' lang='lat' dir='ltr'><strong>de</strong></span> <span class='ocrx_word' id='word_1_141' title='bbox 1448 3611 1585 3658; x_wconf 77' lang='lat' dir='ltr'><strong>corrmr</strong></span> 
     </span>
     <span class='ocr_line' id='line_1_25' title="bbox 352 3708 1585 3796; baseline 0.001 -23"><span class='ocrx_word' id='word_1_142' title='bbox 352 3708 525 3794; x_wconf 87' lang='lat' dir='ltr'><strong>tragoedia</strong></span> <span class='ocrx_word' id='word_1_143' title='bbox 543 3709 669 3775; x_wconf 91' lang='lat' dir='ltr'><strong>Fausto</strong></span> <span class='ocrx_word' id='word_1_144' title='bbox 690 3710 811 3776; x_wconf 87' lang='lat' dir='ltr'><strong>diebus</strong></span> <span class='ocrx_word' id='word_1_145' title='bbox 831 3711 951 3778; x_wconf 86' lang='lat' dir='ltr'><strong>Martis</strong></span> <span class='ocrx_word' id='word_1_146' title='bbox 971 3722 1006 3777; x_wconf 88' lang='lat' dir='ltr'><strong>et</strong></span> <span class='ocrx_word' id='word_1_147' title='bbox 1025 3711 1183 3794; x_wconf 84' lang='lat' dir='ltr'><strong>Veneris,</strong></span> <span class='ocrx_word' id='word_1_148' title='bbox 1204 3710 1289 3777; x_wconf 75' lang='lat' dir='ltr'><strong>hori</strong></span> <span class='ocrx_word' id='word_1_149' title='bbox 1312 3721 1390 3796; x_wconf 88' lang='lat' dir='ltr'><strong>post</strong></span> <span class='ocrx_word' id='word_1_150' title='bbox 1407 3711 1585 3777; x_wconf 86' lang='lat' dir='ltr'><strong>meridiem</strong></span> 
     </span>
    </p>

    <p class='ocr_par' dir='ltr' id='par_1_14' title="bbox 397 3822 1585 4147">
     <span class='ocr_line' id='line_1_26' title="bbox 397 3822 1584 3915; baseline 0.003 -26"><span class='ocrx_word' id='word_1_151' title='bbox 397 3822 699 3891; x_wconf 81' lang='lat' dir='ltr'><strong>commilitonibus</strong></span> <span class='ocrx_word' id='word_1_152' title='bbox 717 3848 796 3892; x_wconf 84' lang='lat' dir='ltr'><strong>vero</strong></span> <span class='ocrx_word' id='word_1_153' title='bbox 808 3830 933 3892; x_wconf 88' lang='lat' dir='ltr'><strong>harum</strong></span> <span class='ocrx_word' id='word_1_154' title='bbox 951 3830 1149 3894; x_wconf 85' lang='lat' dir='ltr'><strong>litterarum</strong></span> <span class='ocrx_word' id='word_1_155' title='bbox 1160 3827 1305 3893; x_wconf 89' lang='lat' dir='ltr'><strong>rudibus</strong></span> <span class='ocrx_word' id='word_1_156' title='bbox 1323 3827 1584 3915; x_wconf 83' lang='lat' dir='ltr'><strong>grammaticam</strong></span> 
     </span>
     <span class='ocr_line' id='line_1_27' title="bbox 439 3938 1585 4032; baseline 0.005 -26"><span class='ocrx_word' id='word_1_157' title='bbox 439 3945 619 4018; x_wconf 89' lang='lat' dir='ltr'><strong>docendis,</strong></span> <span class='ocrx_word' id='word_1_158' title='bbox 654 3960 734 4007; x_wconf 87' lang='lat' dir='ltr'><strong>cnm</strong></span> <span class='ocrx_word' id='word_1_159' title='bbox 769 3945 1038 4028; x_wconf 88' lang='lat' dir='ltr'><strong>imperitioribus</strong></span> <span class='ocrx_word' id='word_1_160' title='bbox 1070 3966 1151 4012; x_wconf 83' lang='lat' dir='ltr'><strong>vero</strong></span> <span class='ocrx_word' id='word_1_161' title='bbox 1189 3946 1339 4032; x_wconf 86' lang='lat' dir='ltr'><strong>legendis</strong></span> <span class='ocrx_word' id='word_1_162' title='bbox 1377 3938 1585 4014; x_wconf 82' lang='lat' dir='ltr'><strong>facilioribus</strong></span> 
     </span>
     <span class='ocr_line' id='line_1_28' title="bbox 441 4059 1509 4147; baseline 0.005 -25"><span class='ocrx_word' id='word_1_163' title='bbox 441 4059 620 4125; x_wconf 90' lang='lat' dir='ltr'><strong>intellectu</strong></span> <span class='ocrx_word' id='word_1_164' title='bbox 638 4059 797 4144; x_wconf 83' lang='lat' dir='ltr'><strong>scriptis,</strong></span> <span class='ocrx_word' id='word_1_165' title='bbox 829 4061 962 4128; x_wconf 81' lang='lat' dir='ltr'><strong>vacabit</strong></span> <span class='ocrx_word' id='word_1_166' title='bbox 982 4063 1074 4128; x_wconf 86' lang='lat' dir='ltr'><strong>boris</strong></span> <span class='ocrx_word' id='word_1_167' title='bbox 1091 4064 1132 4128; x_wconf 89' lang='lat' dir='ltr'><strong>de</strong></span> <span class='ocrx_word' id='word_1_168' title='bbox 1154 4063 1279 4147; x_wconf 84' lang='lat' dir='ltr'><strong>quibus</strong></span> <span class='ocrx_word' id='word_1_169' title='bbox 1301 4063 1509 4130; x_wconf 83' lang='lat' dir='ltr'><strong>convenerit.</strong></span> 
     </span>
    </p>
   </div>
   <div class='ocr_carea' id='block_1_6' title="bbox 307 4305 1583 4516">
    <p class='ocr_par' dir='ltr' id='par_1_15' title="bbox 307 4305 1583 4516">
     <span class='ocr_line' id='line_1_29' title="bbox 307 4305 1583 4402; baseline -0.002 -24"><span class='ocrx_word' id='word_1_170' title='bbox 307 4311 350 4379; x_wconf 90' lang='lat' dir='ltr'><strong>G.</strong></span> <span class='ocrx_word' id='word_1_171' title='bbox 385 4309 713 4380; x_wconf 83' lang='lat' dir='ltr'><strong>KNIPPENBERG,</strong></span> <span class='ocrx_word' id='word_1_172' title='bbox 744 4310 964 4374; x_wconf 83' lang='lat' dir='ltr'><strong>Academicus</strong></span> <span class='ocrx_word' id='word_1_173' title='bbox 1007 4306 1100 4402; x_wconf 77' lang='lat' dir='ltr'><strong>Artis</strong></span> <span class='ocrx_word' id='word_1_174' title='bbox 1146 4305 1372 4376; x_wconf 87' lang='lat' dir='ltr'><strong>Gladiatoriae</strong></span> <span class='ocrx_word' id='word_1_175' title='bbox 1403 4307 1583 4396; x_wconf 84' lang='lat' dir='ltr'><strong>Magister,</strong></span> 
     </span>
     <span class='ocr_line' id='line_1_30' title="bbox 353 4427 1150 4516; baseline -0.003 -21"><span class='ocrx_word' id='word_1_176' title='bbox 353 4433 544 4515; x_wconf 81' lang='lat' dir='ltr'><strong>elegantem</strong></span> <span class='ocrx_word' id='word_1_177' title='bbox 566 4429 667 4516; x_wconf 86' lang='lat' dir='ltr'><strong>gladii</strong></span> <span class='ocrx_word' id='word_1_178' title='bbox 698 4448 797 4494; x_wconf 81' lang='lat' dir='ltr'><strong>usum</strong></span> <span class='ocrx_word' id='word_1_179' title='bbox 831 4428 984 4514; x_wconf 87' lang='lat' dir='ltr'><strong>quotidie</strong></span> <span class='ocrx_word' id='word_1_180' title='bbox 1003 4427 1150 4493; x_wconf 82' lang='lat' dir='ltr'><strong>docebit.</strong></span> 
     </span>
    </p>
   </div>
   <div class='ocr_carea' id='block_1_7' title="bbox 307 4670 1828 4994">
    <p class='ocr_par' dir='ltr' id='par_1_16' title="bbox 307 4670 1828 4994">
     <span class='ocr_line' id='line_1_31' title="bbox 307 4670 1828 4759; baseline -0.002 -21"><span class='ocrx_word' id='word_1_181' title='bbox 307 4673 518 4746; x_wconf 72' lang='lat' dir='ltr'><strong>Bibliotheca</strong></span> <span class='ocrx_word' id='word_1_182' title='bbox 534 4671 756 4755; x_wconf 80' lang='lat' dir='ltr'><strong>Academica,</strong></span> <span class='ocrx_word' id='word_1_183' title='bbox 778 4672 975 4738; x_wconf 80' lang='lat' dir='ltr'><strong>Lectionum</strong></span> <span class='ocrx_word' id='word_1_184' title='bbox 995 4683 1161 4759; x_wconf 79' lang='lat' dir='ltr'><strong>tempore,</strong></span> <span class='ocrx_word' id='word_1_185' title='bbox 1184 4671 1301 4738; x_wconf 79' lang='lat' dir='ltr'><strong>diebus</strong></span> <span class='ocrx_word' id='word_1_186' title='bbox 1312 4671 1450 4754; x_wconf 83' lang='lat' dir='ltr'><strong>Lunae,</strong></span> <span class='ocrx_word' id='word_1_187' title='bbox 1471 4673 1660 4757; x_wconf 78' lang='lat' dir='ltr'><strong>Mercurii,</strong></span> <span class='ocrx_word' id='word_1_188' title='bbox 1681 4670 1828 4742; x_wconf 76' lang='lat' dir='ltr'><strong>Veneris</strong></span> 
     </span>
     <span class='ocr_line' id='line_1_32' title="bbox 352 4787 1828 4878; baseline 0.001 -27"><span class='ocrx_word' id='word_1_189' title='bbox 352 4802 384 4852; x_wconf 80' lang='lat' dir='ltr'><strong>er</strong></span> <span class='ocrx_word' id='word_1_190' title='bbox 406 4789 572 4866; x_wconf 77' lang='lat' dir='ltr'><strong>Saturni,</strong></span> <span class='ocrx_word' id='word_1_191' title='bbox 595 4787 637 4854; x_wconf 81' lang='lat' dir='ltr'><strong>ni</strong></span> <span class='ocrx_word' id='word_1_192' title='bbox 666 4789 751 4854; x_wconf 77' lang='lat' dir='ltr'><strong>iord</strong></span> <span class='ocrx_word' id='word_1_193' title='bbox 781 4787 860 4855; x_wconf 91' lang='lat' dir='ltr'><strong>XII</strong></span> <span class='ocrx_word' id='word_1_194' title='bbox 877 4789 924 4854; x_wconf 81' lang='lat' dir='ltr'><strong>ad</strong></span> <span class='ocrx_word' id='word_1_195' title='bbox 952 4789 1020 4854; x_wconf 87' lang='lat'><strong>111</strong></span> <span class='ocrx_word' id='word_1_196' title='bbox 1030 4814 1043 4868; x_wconf 82' lang='lat'><strong>,-</strong></span> <span class='ocrx_word' id='word_1_197' title='bbox 1072 4789 1259 4855; x_wconf 77' lang='lat' dir='ltr'><strong>Feriarum</strong></span> <span class='ocrx_word' id='word_1_198' title='bbox 1282 4802 1450 4878; x_wconf 79' lang='lat' dir='ltr'><strong>tempore,</strong></span> <span class='ocrx_word' id='word_1_199' title='bbox 1466 4788 1582 4858; x_wconf 72' lang='lat' dir='ltr'><strong>diebus</strong></span> <span class='ocrx_word' id='word_1_200' title='bbox 1603 4790 1776 4857; x_wconf 82' lang='lat' dir='ltr'><strong>Mercurii</strong></span> <span class='ocrx_word' id='word_1_201' title='bbox 1793 4799 1828 4852; x_wconf 78' lang='lat' dir='ltr'><strong>et</strong></span> 
     </span>
     <span class='ocr_line' id='line_1_33' title="bbox 351 4904 1326 4994; baseline 0.004 -23"><span class='ocrx_word' id='word_1_202' title='bbox 351 4905 518 4984; x_wconf 82' lang='lat' dir='ltr'><strong>Saturni,</strong></span> <span class='ocrx_word' id='word_1_203' title='bbox 552 4906 594 4970; x_wconf 83' lang='lat' dir='ltr'><strong>eb</strong></span> <span class='ocrx_word' id='word_1_204' title='bbox 614 4905 698 4970; x_wconf 79' lang='lat' dir='ltr'><strong>lora</strong></span> <span class='ocrx_word' id='word_1_205' title='bbox 714 4904 795 4971; x_wconf 89' lang='lat' dir='ltr'><strong>XII</strong></span> <span class='ocrx_word' id='word_1_206' title='bbox 815 4905 861 4972; x_wconf 83' lang='lat' dir='ltr'><strong>cd</strong></span> <span class='ocrx_word' id='word_1_207' title='bbox 883 4906 942 4990; x_wconf 89' lang='lat' dir='ltr'><strong>II,</strong></span> <span class='ocrx_word' id='word_1_208' title='bbox 972 4909 1155 4994; x_wconf 80' lang='lat' dir='ltr'><strong>unicuique</strong></span> <span class='ocrx_word' id='word_1_209' title='bbox 1176 4905 1326 4993; x_wconf 78' lang='lat' dir='ltr'><strong>patebit.</strong></span> 
     </span>
    </p>
   </div>
   <div class='ocr_carea' id='block_1_8' title="bbox 910 5115 1203 5140">
    <p class='ocr_par' dir='ltr' id='par_1_17' title="bbox 910 5115 1203 5140">
     <span class='ocr_line' id='line_1_34' title="bbox 910 5115 1203 5140; baseline -0.007 0"><span class='ocrx_word' id='word_1_210' title='bbox 910 5115 1203 5140; x_wconf 45' lang='lat' dir='ltr'><strong>‘adst-&#39;me</strong></span> 
     </span>
    </p>
   </div>
   <div class='ocr_carea' id='block_1_9' title="bbox 0 0 2464 6250">
    <p class='ocr_par' dir='ltr' id='par_1_18' title="bbox 0 0 2464 6250">
     <span class='ocr_line' id='line_1_35' title="bbox 0 0 2464 6250; baseline 0 0"><span class='ocrx_word' id='word_1_211' title='bbox 0 0 2464 6250; x_wconf 95' lang='lat' dir='ltr'><strong> </strong></span> 
     </span>
    </p>
   </div>
  </div>
 </body>
</html>
