4956 6246
631 718 675 784 do
871 697 1128 781 CORNELII
1172 710 1338 782 PRUYS
1383 713 1491 786 VAN
1534 717 1635 786 DER
1681 717 1900 796 {1013qu

877 923 1031 998 moratus
1048 913 1215 988 discessit.
1262 917 1422 1009 Princeps
1443 919 1605 990 Arausiae
1624 923 1844 996 Pro-Rectori
1859 932 1984 1020 gratias
2008 935 2079 1022 egit
2094 956 2158 1020 pro

878 1037 1006 1102 honore
1050 1033 1190 1106 Russiae
1237 1038 1387 1125 Principi
1437 1053 1472 1108 et
1503 1041 1569 1128 ipsi
1603 1045 1734 1114 habito.
1783 1047 1858 1116 Duo
1895 1072 1937 1116 ex
1970 1053 2158 1120 senioribus

877 1151 1050 1240 Principes
1073 1157 1117 1221 ad
1140 1159 1254 1223 valvas
1275 1157 1496 1228 Academicos
1513 1163 1737 1232 reduxerunt.

919 1390 1042 1458 Rector
1052 1391 1252 1482 Magnificus
1261 1398 1362 1466 hodie
1378 1398 1602 1469 Pro-Rectori
1613 1423 1677 1488 pro
1688 1423 1727 1468 re
1736 1401 1823 1471 bene
1833 1417 1929 1494 gesta
1940 1411 2066 1497 gratias
2078 1415 2159 1501 egit.

629 1635 690 1702 Die
718 1631 759 1698 12
780 1629 874 1698 Julii.
919 1629 1023 1696 Lecta
1044 1631 1317 1703 estCuratorum
1326 1637 1481 1724 Epistola
1498 1642 1540 1707 de
1562 1639 1615 1707 Cl.
1626 1639 1656 1709 J.
1678 1640 1717 1707 F.
1737 1641 1830 1710 VAN
1846 1643 2019 1726 OORDT,
2040 1595 2158 1716 Tbeol.

836 1743 840 1752 ’
874 1748 966 1816 Paos.
989 1751 1025 1814 in
1053 1752 1156 1822 Aead.
1186 1755 1421 1848 Groningana,
1451 1763 1494 1827 ad
1519 1762 1742 1852 Theologiam
1765 1763 1801 1828 in
1827 1776 1946 1833 nostra
1970 1769 2157 1837 docendam

876 1867 1033 1936 invitato.
1509 1861 1515 1871 ’

917 2100 1130 2170 Pro-Raetos
1145 2105 1189 2170 ad
1206 2104 1370 2174 Senatum
1389 2115 1512 2179 retulit
1531 2116 1572 2184 de
1585 2117 1741 2204 Principe
1752 2119 1914 2201 maassiae
1929 2125 2155 2193 haereditario

875 2231 911 2312 et
922 2222 1066 2310 conjuge
1076 2217 1201 2312 Sophia
1216 2223 1504 2320 Wurtebergensi
1522 2245 1666 2327 propter
1678 2223 1941 2322 matrimonium
1955 2243 2156 2310 salutandis.

627 2471 689 2536 Die
712 2469 755 2536 10
777 2463 870 2552 Sept.
914 2457 1128 2533 Pro-nector
1138 2469 1262 2534 retulit
1273 2488 1367 2556 reges
1378 2479 1519 2555 propter
1533 2470 1797 2537 matrimonium
1813 2469 1980 2558 Principis
1996 2472 2158 2546 Arausiae

874 2597 909 2655 et
930 2586 1073 2680 Sophiae
1101 2588 1406 2678 Wurubergenris
1435 2590 1601 2678 elegatis
1633 2613 1675 2656 ex
1701 2599 1822 2658 senatu
1848 2588 2052 2659 Academico
2088 2618 2157 2673 esse

871 2712 1051 2782 salutatos.

917 2949 1023 3016 Lecta
1053 2960 1105 3017 est
1128 2949 1273 3032 epistola
1291 2947 1500 3020 Curatorum
1526 2949 1568 3013 da
1593 2944 1790 3016 GIDEONE
1814 2944 1925 3014 JANO
1948 2947 2152 3030 VERDAM,

872 3066 1019 3136 Mathea.
1040 3065 1129 3156 Mag.
1145 3065 1268 3135 Philos.
1283 3067 1360 3135 Nat.
1376 3068 1477 3134 Dect.
1493 3076 1612 3134 vocato
1632 3067 1668 3132 in
1685 3065 1904 3135 Academiam
1916 3067 2157 3136 Extraordina·

871 3189 925 3256 rio
941 3188 1133 3278 ¹Professore
1152 3190 1231 3275 jure
1257 3186 1409 3276 suffragii
1435 3196 1469 3254 et
1493 3187 1738 3254 beneficiorum
1757 3186 1921 3256 ordinarii
1945 3184 2156 3254 Professoris.

917 3428 1023 3496 Lecta
1045 3437 1100 3494 est
1126 3427 1270 3514 epistola
1294 3423 1503 3494 Curatorum
1534 3427 1574 3492 de
1602 3425 1740 3494 Vexillo
1770 3423 2039 3490 adolescentium
2068 3424 2156 3490 Aca-

872 3539 1104 3630 d'emicorum,
1138 3548 1199 3634 qui
1228 3570 1257 3613 a.
1296 3549 1383 3613 1830
1408 3569 1504 3613 arma
1530 3569 1594 3634 pro
1615 3546 1728 3616 Patria
1764 3555 1800 3614 et
1824 3543 1915 3629 Rege
1938 3551 2155 3621 sumserunt,
2195 3558 2198 3564 ’

870 3668 1100 3759 reponendo„
1134 3665 1195 3730 ubi
1236 3666 1365 3752 optime
1409 3678 1578 3748 maneret:
1625 3666 1741 3754 itaque
1783 3665 1902 3748 fieret,
1943 3663 2035 3747 quod
2082 3661 2156 3728 Rex

869 3781 1006 3848 decreto
1041 3785 1107 3852 diei
1145 3787 1184 3850 11
1215 3783 1308 3849 Junii
1348 3787 1436 3854 1839
1467 3787 1582 3874 jussit.
1643 3784 1826 3851 Curatores
1855 3781 1955 3862 *dnm
1996 3780 2156 3848 dixerunt

869 3901 911 3965 21
938 3895 1171 3986 Septembris}
1206 3903 1236 3967 si
1255 3899 1398 3970 Senatus
1428 3905 1520 3972 idem
1551 3914 1715 3972 censeret.
1761 3901 1903 3969 Censuit
1928 3895 2095 3974 Senatus,
2118 3909 2154 3963 et

873 4016 940 4080 alia
965 4035 1046 4080 oum
1063 4017 1291 4082 Curatoribus
1311 4019 1491 4080 ordinavit.

622 4258 683 4330 Die
706 4253 747 4330 21
773 4250 864 4342 Sept.
909 4249 1141 4332 Pro-Reum,
1180 4256 1345 4334 sequente
1386 4245 1512 4324 Senatu
1545 4258 1585 4315 ,et
1621 4247 1793 4318 militibus
1828 4245 2039 4316 Academicis
2072 4271 2153 4316 eum

867 4372 995 4442 vexillo
1017 4372 1053 4435 in
1075 4369 1286 4436 auditorium
1312 4365 1556 4448 Academicum
1579 4367 1773 4450 descendit,
1803 4367 2014 4454 habuitque,
2036 4391 2152 4437 coram

870 4488 1095 4578 ¹Curatoribus
1116 4497 1151 4555 et
1171 4489 1301 4575 ingenti
1317 4489 1514 4570 auditorum
1533 4487 1779 4560 multitudine,
1795 4490 1984 4577 orationem
2005 4492 2153 4577 tempori

873 4619 1145 4678 consentaneam.
1192 4607 1348 4694 Recitata
1371 4609 1500 4678 decreti
1520 4609 1618 4698 Regii
1638 4609 1829 4695 sententia,
1863 4595 1942 4678 cum
1968 4612 2150 4698 signifero,

870 4741 1019 4818 quatuor
1046 4729 1318 4817 Professoribus,
1359 4733 1559 4799 centurione
1601 4743 1636 4799 et
1676 4732 1846 4798 militibus
1885 4729 2094 4798 Academicis
2115 4727 2152 4793 in

646 4879 668 4888 ¹·
706 4899 730 4910 ..
860 4851 1067 4940 senaculum
1085 4851 1288 4940 prefectus,
1315 4851 1503 4936 vexillum,
1526 4849 1729 4940 asigniieso
1753 4863 1955 4942 acceptum,
1984 4850 2149 4936 reposuit.
