4956 6246
958 821 1237 898 enarro.
1453 831 1546 886 a·
1672 781 1679 788 ’
1806 829 1852 896 ss

322 1045 410 1114 qnae
441 1024 581 1115 nogotio
611 1025 789 1112 implicata
816 1029 933 1115 prodit
960 1031 1217 1118 quaestionibus
1252 1039 1289 1096 et
1324 1027 1604 1103 definitionibus,
1636 1027 1851 1100 dialecticam

324 1147 434 1237 magis
473 1147 647 1235 quandum
683 1156 818 1233 auem,
847 1167 962 1236 ’quam
990 1152 1076 1220 *veri
1110 1150 1268 1216 studium
1299 1145 1571 1223 declarantibus,
1601 1147 1685 1214 haec
1709 1146 1848 1233 quidem

323 1265 507 1352 Tbeoiogia
535 1282 606 1332 non
633 1257 687 1334 cot
713 1266 875 1352 dicenda,
907 1269 1034 1355 quippe
1055 1277 1177 1352 tanto,
1190 1266 1240 1332 in
1262 1285 1331 1352 quo
1352 1267 1435 1330 haec
1451 1273 1625 1340 versatur,
1644 1275 1849 1355 argumento

323 1383 462 1471 indigna
482 1385 634 1468 prorsus.
667 1377 757 1451 Tum
785 1385 926 1452 demum
952 1382 1033 1454 vero
1058 1408 1122 1453 suo
1147 1382 1286 1452 nomine
1315 1393 1351 1450 et
1373 1381 1847 1469 dignitate1prodit,quando

323 1521 364 1568 eo
391 1501 492 1568 unice
515 1501 644 1580 tendit,
672 1511 714 1570 ut
738 1501 874 1581 Dauum
899 1525 1077 1570 summum
1105 1503 1213 1570 Illum
1242 1512 1278 1569 at
1305 1519 1448 1577 rernm,
1475 1521 1544 1568 non
1566 1503 1668 1587 plane
1685 1501 1846 1588 quidem,

320 1617 387 1684 boc
400 1619 493 1684 enim
515 1637 585 1686 non
603 1615 833 1703 mortalibus,
857 1626 922 1692 boc
943 1624 1090 1704 nemini,
1114 1634 1250 1710 praeter
1268 1624 1381 1707 ipsum
1400 1619 1531 1705 Deum,
1559 1637 1759 1686 eoncessum
1776 1626 1845 1692 est,

320 1736 380 1802 sed
401 1745 518 1803 umen
534 1733 614 1804 'rere
630 1731 825 1826 cognoscat.

366 1853 432 1924 Sed
451 1851 526 1923 non'
537 1858 688 1925 sublime
707 1870 846 1932 tantum
863 1871 899 1932 et
918 1884 1020 1950 grave
1037 1873 1089 1930 eet
1106 1863 1310 1947 Theologiae
1327 1868 1591 1945 argumentum,
1614 1877 1736 1927 rerum
1754 1857 1844 1922 idem

320 1993 402 2056 prae
424 1973 565 2040 caeteris
589 1975 779 2044 arctissime
808 1999 888 2046 cum
913 1999 994 2044 vcra
1010 1978 1160 2044 hominis
1177 1977 1268 2053 vite,
1289 1975 1472 2062 dignitate,
1491 1974 1656 2041 beatitate
1674 1977 1843 2042 cohaeret.

317 2089 484 2158 Versatur
501 2091 595 2156 enim
615 2111 684 2156 non
704 2091 741 2156 in
767 2095 897 2159 mundo
919 2097 984 2158 hoc
1012 2092 1255 2175 adspectabili,
1284 2095 1382 2177 cujus
1406 2091 1489 2157 civis
1520 2094 1557 2154 in
1585 2101 1720 2175 tempus
1738 2095 1842 2158 bomo
1877 2148 1881 2156 .

318 2220 387 2285 eet,
405 2207 524 2293 prouti
539 2217 673 2273 caetera
690 2207 901 2287 animantia,
919 2226 998 2272 cnm
1009 2207 1139 2290 quibus
1153 2207 1258 2274 habet
1272 2208 1382 2274 vitam
1404 2207 1589 2273 animalem
1605 2226 1841 2283 cummanum,

315 2324 411 2394 brevi
433 2331 546 2387 morte
564 2319 769 2399 finiendum
785 2321 845 2388 sad
863 2321 899 2387 in
917 2325 1048 2392 mundo
1066 2325 1258 2411 spirituali,
1278 2326 1441 2410 adquam
1459 2327 1564 2391 homo
1578 2345 1659 2409 prae
1680 2323 1838 2399 caeteris,

313 2448 486 2529 quotquot
503 2435 639 2503 suntin
661 2447 769 2522 terra,
785 2441 989 2508 animalibus
1003 2446 1135 2521 elutus,
1162 2443 1365 2511 sublimiore
1385 2465 1448 2510 sua
1464 2452 1563 2530 parte
1580 2443 1752 2529 pertinet,
1769 2463 1839 2529 quo

312 2581 392 2626 cum
416 2552 648 2642 superioribus
676 2557 810 2624 naturis
837 2570 1020 2648 cognatus,
1047 2561 1118 2629 imo
1145 2563 1188 2627 ed
1210 2560 1318 2646 ipsius
1344 2562 1407 2629 Dei
1430 2583 1538 2650 genna
1559 2564 1690 2629 relatus
1714 2570 1783 2636 est,
1805 2560 1841 2624 in

312 2696 382 2763 quo
406 2694 486 2742 vera
510 2681 564 2739 eut
591 2673 741 2741 huminis
769 2677 860 2762 rite,
887 2698 957 2745 non
983 2680 1086 2746 arctis
1112 2681 1217 2766 hujus
1244 2679 1381 2746 telluris
1409 2682 1567 2748 terminis
1601 2681 1754 2756 inclusa,
1780 2681 1840 2748 sed

309 2815 392 2878 prae
414 2794 505 2859 bisce
528 2791 719 2878 egrediens,
747 2796 808 2862 sed
832 2805 982 2864 aeterne.
1027 2798 1109 2886 Agit
1135 2798 1319 2887 Theologia
1348 2800 1389 2866 de
1415 2801 1598 2888 reiigione,
1629 2803 1671 2867 de
1700 2799 1840 2868 vinculo

221 2963 225 2972 .
308 2915 387 2996 illo,
418 2931 488 2997 quo
519 2911 622 2978 homo
648 2907 728 2978 cnn'r
754 2914 829 2999 ipso
861 2915 933 2982 Deo
965 2913 1217 3004 conjungitur,
1244 2939 1262 2982 c
1290 2917 1499 3002 quaomnia
1531 2922 1604 3005 ejus
1624 2917 1770 3004 dignitas
1803 2925 1838 2981 et

307 3034 453 3102 beatitas
483 3033 641 3117 pendent.
686 3028 778 3117 Quid
803 3033 933 3121 igitur?
959 3032 1055 3101 Anne
1083 3035 1120 3102 in
1147 3033 1335 3102 sublimem
1360 3034 1464 3104 illum
1491 3040 1683 3114 mundum,
1707 3039 1743 3101 in
1763 3055 1836 3130 ¹quo

309 3149 423 3222 omnia
446 3171 526 3220 tera
557 3160 658 3228 sunt,
687 3161 865 3236 penetrare
892 3152 970 3238 quis
1001 3152 1188 3224 sustineat.
1222 3151 1290 3218 alio
1314 3139 1420 3240 quam
1447 3158 1522 3224 veri
1544 3157 1659 3226 studio
1683 3153 1833 3223 ductus?

308 3274 466 3344 Anneio
490 3265 556 3340 boc
583 3271 847 3354 contemplando
870 3272 965 3338 nllus
993 3272 1091 3340 locus
1114 3273 1319 3338 concedatur
1348 3271 1413 3344 iis,
1446 3293 1532 3358 quae
1573 3276 1617 3340 ad
1653 3282 1835 3339 externum

303 3404 462 3468 tantum,
488 3392 682 3460 samuelem
712 3391 887 3476 pertinent
911 3393 1100 3468 mundum,
1123 3389 1172 3458 ¹ut
1196 3389 1273 3474 quis
1296 3390 1463 3458 sublimes
1485 3393 1639 3480 regiones
1658 3389 1832 3476 adspicere

307 3515 430 3600 gestiet
448 3521 484 3579 et
499 3511 605 3578 simul
617 3510 765 3578 humilia
779 3508 956 3576 sectetur?
974 3506 1071 3580 Anne
1094 3509 1131 3576 in
1147 3511 1210 3582 iis,
1228 3529 1314 3595 qnae
1330 3511 1461 3578 summi
1482 3521 1565 3580 sunt
1581 3518 1684 3596 utque
1700 3508 1830 3576 aeterni

306 3630 502 3698 bominibus
529 3632 698 3699 momenti
725 3627 865 3716 perinde
889 3647 961 3700 esse
978 3628 1105 3713 possit,
1126 3638 1246 3699 utrum
1265 3632 1356 3697 forte
1378 3630 1537 3697 inanibus
1552 3648 1733 3715 pascamur
1752 3646 1832 3710 spe-

310 3749 444 3822 ciebus,
471 3748 590 3813 autin
614 3749 706 3814 bisce
735 3745 830 3812 aliud
853 3746 938 3830 quid
960 3756 1168 3829 quaeratur,
1189 3767 1294 3831 quam
1313 3757 1354 3816 nt
1371 3757 1619 3835 cognoscantur
1634 3764 1831 3831 proponan-

305 3881 435 3957 turque
457 3865 576 3948 prouti
603 3864 785 3932 eunti-
812 3859 878 3927 Sed
900 3861 984 3945 quid
1010 3882 1068 3926 vos
1097 3862 1293 3948 interrogo,
1317 3864 1359 3928 A.
1383 3865 1446 3931 ΔΑ
1476 3865 1674 3951 Intelligitis
1693 3883 1829 3939 omnes,

303 3967 486 4055 sublimius
512 3967 582 4046 non
607 3991 746 4046 tantum
771 3981 887 4044 sedet
911 3977 1083 4062 sanctine,
1113 3989 1254 4046 etcum
1280 3981 1375 4046 omni
1398 3981 1547 4047 hominis
1570 3985 1683 4049 salute
1702 3982 1829 4046 arctius

304 4089 502 4188 copulatum
522 4117 594 4164 csse
614 4093 818 4182 Theolcgiua
832 4104 1094 4180 argumentum,
1117 4113 1222 4180 qnam
1241 4096 1278 4160 in
1291 4116 1362 4181 quo
1385 4098 1514 4164 versari
1538 4099 1615 4182 quis
1636 4099 1702 4165 rite
1719 4099 1827 4184 possit

304 4219 364 4307 qui
386 4217 480 4283 alind
497 4207 602 4301 ‘quam
616 4215 739 4284 'rerum
756 4219 916 4279 sectatur.

354 4339 401 4405 At
427 4323 486 4404 'ex'
501 4335 622 4402 eodem
650 4340 876 4421 argumento,
907 4331 1010 4397 nimis
1035 4331 1203 4398 sublimes
1224 4353 1390 4410 teresse,
1419 4335 1461 4400 dc
1478 4333 1605 4419 quibus
1622 4333 1695 4421 agit
1712 4332 1826 4399 Theo·

308 4445 397 4548 logia
409 4503 420 4535 ,
433 4467 538 4544 qnam
553 4472 638 4538 ques
649 4455 840 4520 humanum
860 4447 1034 4537 ingenium
1055 4449 1189 4535 assequi
1206 4449 1332 4534 possit,
1355 4452 1506 4538 adeoque
1519 4452 1720 4520 sectandum
1731 4472 1821 4529 esse,

306 4581 398 4664 quod
423 4598 492 4645 non
518 4563 845 4662 attingendum'est,
862 4567 942 4658 quie
957 4567 1060 4636 dicat.
1105 4567 1191 4656 Quis
1207 4571 1301 4638 enim
1316 4573 1487 4638 mnndum
1505 4570 1692 4638 oeensibus
1708 4592 1824 4639 remo-

274 4731 277 4736 ·
307 4705 383 4762 tum
408 4692 611 4782 perspiciat,
643 4692 722 4780 quis
752 4685 866 4756 neum
899 4681 1042 4756 noento
1074 4687 1257 4772 F'atemur,
1293 4693 1395 4776 plane
1426 4689 1635 4778 cognoscere*
1651 4691 1823 4763 mundum

305 4814 520 4898 spiritualem
534 4813 660 4880 datum·
669 4803 768 4878 nobis
777 4811 853 4875 nou
864 4823 952 4876 aree:
967 4795 1025 4875 uti
1038 4808 1131 4876 anim
1147 4803 1292 4878 varietus
1307 4811 1527 4878 edmundum
1535 4809 1820 4896 adspectabilem,

302 4930 353 4996 ita
366 4915 541 4998 infinitum
560 4921 609 5001 od
621 4917 790 5028 muntium
804 4925 1206 5016 mititudom’pertinett
1233 4947 1297 4998 nto
1306 4929 1419 5000 Deum
1435 4931 1512 5016 quis
1530 4945 1685 5015 unquam
1704 4927 1820 4996 animo
