4956 6246
288 2019 368 2110 Etsi
395 2045 439 2110 ah
471 2046 567 2111 omni
593 2045 670 2110 inde
694 2055 851 2129 tempore
880 2044 1019 2110 laudare
1048 2051 1084 2107 et
1114 2042 1274 2107 admirari
1296 2045 1407 2110 solent
1437 2044 1614 2122 homines,
1650 2047 1818 2132 quidquid

287 2165 463 2229 artificum
488 2163 623 2249 ingenio
651 2172 686 2228 et
713 2163 893 2226 fabrorum
921 2159 1146 2235 dexteritate,
1169 2169 1230 2226 aut
1255 2160 1421 2244 opificum
1447 2157 1644 2248 diligentie,
1671 2165 1818 2248 pulchre

288 2281 502 2353 confectum,
522 2277 685 2341 concinne
700 2274 947 2360 subtiliterque
964 2276 1218 2360 compositum,
1240 2299 1278 2343 ao
1296 2277 1386 2344 miri
1406 2277 1625 2346 accuratione
1642 2291 1819 2347 construc-

287 2407 385 2472 tum,
420 2402 481 2460 aut
507 2392 654 2477 denique
685 2391 810 2483 magud
837 2403 912 2460 arte
939 2393 1147 2462 nitidissime
1181 2406 1218 2463 et
1242 2395 1520 2483 splendidissime
1543 2396 1760 2464 elaboratum
1784 2409 1819 2465 et

287 2523 525 2600 comparatum
555 2523 629 2592 eat,
652 2547 699 2566 -
721 2513 896 2580 neminem
925 2523 1045 2582 tamen
1069 2517 1144 2583 fore
1166 2516 1336 2596 arbitror,
1360 2519 1421 2604 qui
1439 2517 1505 2584 sibi
1521 2537 1724 2602 persuasum
1749 2539 1820 2585 non

286 2635 429 2714 haheat,
460 2635 596 2700 nullam
635 2642 771 2718 praeter
808 2643 964 2701 nostram
1005 2634 1111 2700 fuisse
1141 2643 1310 2712 aetatem,
1345 2655 1413 2720 qua
1439 2657 1559 2704 omnes
1584 2641 1819 2726 cujuscunque

286 2751 416 2842 generis
444 2762 560 2829 artes,
595 2772 696 2838 opera
724 2762 760 2819 et
790 2753 970 2831 instituta,
998 2753 1123 2837 quibua
1149 2753 1379 2820 conficiuntur
1400 2763 1435 2821 et
1456 2763 1646 2841 parantur,
1671 2773 1758 2837 quae
1775 2753 1818 2819 ad

287 2874 377 2964 vitae
405 2894 509 2939 nsum
539 2883 643 2958 atque
674 2873 717 2938 ad
743 2873 924 2939 hominum
954 2873 1136 2939 commoda
1166 2881 1249 2937 sunt
1276 2872 1484 2950 necessaria,
1518 2891 1673 2955 quaeque
1703 2867 1816 2937 mores

286 2991 443 3080 flagitant
472 2999 507 3057 et
535 3001 711 3076 tempora,
745 3001 799 3058 tot
823 3000 988 3076 tantaque
1011 2990 1047 3056 in
1074 3013 1110 3057 se
1134 2991 1318 3056 habuerint
1340 2987 1507 3075 praesidia
1527 2996 1562 3053 et
1580 2985 1719 3072 maJ‘oria
1737 3005 1817 3053 mo—

285 3113 396 3180 menti
414 3113 612 3180 aestimatae
629 3113 709 3178 sint·
756 3111 824 3178 Nec
843 3113 990 3192 mirum;
1012 3134 1092 3177 nam
1113 3109 1142 3177 si
1162 3111 1360 3199 diligentius
1377 3108 1608 3186 attendimus,
1628 3117 1668 3176 et
1686 3111 1816 3197 majore

286 3230 392 3298 animi
418 3230 635 3296 contentione
655 3230 692 3294 in
714 3251 833 3297 earum
864 3232 1017 3298 indolem
1043 3230 1270 3315 inquirimus,
1296 3229 1398 3297 facile
1423 3239 1538 3318 patet,
1562 3232 1649 3316 ipsas
1669 3229 1817 3298 mirifice

285 3348 496 3426 subtilitate,
521 3367 726 3433 summoque
753 3351 889 3438 ingenio
916 3373 988 3417 esse
1016 3354 1169 3418 excultas
1194 3360 1230 3416 et
1255 3352 1507 3436 propemodum
1528 3351 1731 3426 absolutas,
1751 3369 1816 3414 nec

286 3469 334 3533 ita
349 3469 489 3534 tandem
510 3467 752 3552 imperitorum
773 3479 833 3536 aut
853 3471 1070 3536 indoctorum
1090 3469 1207 3535 labore
1228 3479 1262 3536 et
1285 3469 1505 3554 assiduitate,
1528 3477 1563 3536 at
1577 3466 1816 3555 potiuserudi·

284 3597 420 3664 torum,
440 3587 610 3672 imprimis
636 3589 983 3674 mathematicorum,
1021 3587 1253 3674 physicorum·
1272 3599 1308 3655 et
1341 3589 1580 3675 chymicorum
1604 3585 1817 3673 pervestiga-

288 3705 439 3770 tionibus
459 3714 493 3768 et
510 3705 660 3770 inventia
676 3707 899 3791 perfectiores
919 3727 1000 3774 esse.

330 3820 473 3886 Formas
503 3820 632 3885 etenim
662 3824 900 3906 elegantesque
932 3830 1125 3886 structuras
1153 3823 1182 3884 si
1212 3831 1430 3902 spectemus,
1454 3813 1661 3904 geometrici
1681 3814 1815 3882 ratione

286 3935 471 4020 descriptas
493 3941 530 3998 et
544 3936 716 3999 ordinatas
735 3957 807 3999 esse
827 3944 988 4016 apparet;
1010 3969 1056 3984 -
1077 3944 1137 4000 aut
1156 3935 1320 4000 continuo
1335 3937 1376 4002 de
1395 3949 1559 4006 numero,
1575 3931 1617 3993 de
1633 3929 1812 4005 mensura,

287 4059 394 4140 deque
422 4048 577 4138 partium
598 4048 703 4135 J'ustis
723 4050 935 4133 symmetriis
963 4051 1160 4140 quaeritur,
1191 4070 1276 4134 quae
1301 4069 1389 4124 non,
1418 4044 1483 4109 nisi
1508 4045 1698 4108 matheseos
1725 4065 1810 4130 ope,

288 4171 521 4240 inveniuntur.
567 4165 635 4235 Ubi
664 4165 836 4253 pressione
867 4189 952 4254 opus
978 4176 1031 4235 cst
1058 4178 1120 4234 ant
1149 4168 1200 4264 vi,
1229 4169 1273 4233 ad
1294 4165 1404 4234 varios
1424 4165 1564 4232 effectus
1586 4163 1755 4246 edendos,
1770 4201 1815 4218 ·-·

284 4293 345 4360 ubi
371 4299 488 4354 motus
509 4287 585 4354 fieri
606 4283 730 4365 debet,
761 4286 822 4352 ubi
850 4297 987 4374 tempus
1017 4298 1069 4354 est
1097 4288 1405 4365 considerandum,
1433 4323 1476 4340 ··
1499 4296 1560 4353 aut
1582 4285 1728 4370 denique
1752 4285 1815 4352 uhi

288 4405 549 4496 quamplurium
572 4405 725 4490 partium
750 4406 819 4474 sive
841 4427 1067 4476 numerorum
1094 4405 1259 4474 concinna
1281 4417 1398 4474 motus
1420 4405 1609 4473 moderatio
1629 4414 1665 4471 et
1681 4405 1812 4472 modu-

285 4532 370 4600 latio
387 4529 642 4605 desiderantur‚
662 4527 834 4612 proiecto,
852 4527 924 4594 sine
946 4527 1160 4594 mechanicas
1180 4525 1344 4599 soisntid,
1361 4529 1454 4593 haud
1469 4526 1625 4591 multum
1640 4524 1811 4608 proficies.

284 4647 340 4716 Sic
375 4647 480 4714 etiam
516 4645 609 4731 quod
642 4645 852 4726 fluidorum,
889 4648 1063 4736 imprimis
1097 4649 1335 4726 elasticorum,
1365 4649 1498 4716 actione
1523 4646 1608 4712 fieri'
1630 4643 1787 4712 ridemus
1799 4691 1811 4726 ,

285 4785 437 4853 quaeque
457 4768 585 4841 calore,
615 4763 744 4852 frigore
766 4777 801 4835 et
819 4770 985 4842 humore,
1003 4768 1217 4848 miscentur,
1240 4776 1477 4854 temperantur
1498 4776 1533 4833 et
1550 4764 1809 4850 exprimuntur,

286 4899 494 4969 caeteraque·
521 4885 710 4971 ejusmodi,
748 4885 803 4954 vix
831 4890 904 4956 sine
929 4885 1071 4975 physici
1099 4889 1186 4954 duce
1211 4895 1305 4954 recte
1335 4889 1538 4970 procedunt.
1596 4883 1642 4950 Et
1673 4881 1809 4966 thymia
