4904 6250
671 793 714 860 82
862 785 1040 858 JOANNlS
1062 781 1278 862 lotouluct
1300 772 1390 855 VAN
1403 771 1575 868 noant,
1598 787 1631 859 i.
1653 787 1692 858 G,
1717 785 1794 858 iu„
1815 784 1984 858 ortuo.

669 995 895 1080 conjunctus,
935 993 1028 1080 quod
1060 1009 1171 1078 neque
1203 988 1334 1080 spatio,
1370 1009 1434 1056 nec
1468 997 1642 1076 tempore,
1680 1003 1743 1060 nec
1771 983 1863 1060 'ullis
1894 993 2056 1079 deinceps
2094 997 2196 1064 rebus

671 1109 869 1195 disruptum
892 1111 961 1178 init
989 1122 1050 1178 aut
1071 1117 1302 1178 attenuatum.
1335 1105 1542 1196 ,Antiquam
1564 1111 1600 1177 id
1624 1111 1747 1180 'foedus
1770 1113 1961 1179 instaurare
1987 1122 2023 1180 et
2044 1111 2087 1179 de
2108 1133 2198 1184 novo

667 1235 727 1292 tua
750 1227 820 1294 irui
835 1231 996 1298 societate
1014 1229 1162 1297 maxime
1180 1227 1301 1318 gestio.
1346 1225 1422 1294 Huc
1434 1237 1475 1296 tu
1486 1231 1561 1316 jam
1573 1232 1688 1298 omnia
1705 1232 1838 1312 fecisti,
1869 1233 1931 1320 qui
1946 1248 2011 1301 'me
2037 1253 2198 1319 meosque

665 1345 817 1431 hospitio
839 1357 900 1415 tuo
920 1349 1083 1435 excepisti
1102 1359 1139 1418 et
1163 1345 1324 1416 omnibus
1344 1347 1430 1416 meis
1447 1348 1550 1416 rebus
1573 1353 1791 1438 prospexisti.
1836 1349 1970 1421 Gratias
1995 1349 2060 1420 tibi
2081 1352 2197 1420 sttuis

665 1467 796 1550 refero,
818 1470 879 1535 sed
899 1472 1015 1536 multo
1038 1469 1146 1557 magis
1171 1467 1322 1557 gaudeo,
1353 1465 1445 1552 qnod
1469 1487 1531 1536 nos
1559 1473 1766 1538 sanctissimi
1799 1470 1934 1560 collegii
1961 1469 2197 1552 necessitudo,

665 1601 734 1646 non
759 1595 896 1654 mutato
913 1587 1045 1668 animo,
1073 1587 1124 1656 ita
1139 1589 1347 1676 conjungat,
1368 1585 1457 1652 acsi
1489 1609 1668 1675 nunquam
1684 1591 1833 1676 separati
1850 1592 2048 1657 fuissemus.
2097 1584 2195 1664 Tibi,

665 1697 772 1768 Vobis
786 1707 964 1786 omnibus,
987 1705 1176 1776 Triumviri
1192 1702 1434 1775 Venerabilesi
1458 1708 1658 1776 devinctum
1676 1729 1732 1778 me
1750 1711 1883 1790 sentio;
1910 1711 2022 1798 rigeat
2043 1711 2079 1776 in
2098 1709 2196 1776 nobis

664 1817 756 1886 idem
769 1817 918 1906 Spiritus
932 1823 1088 1892 veritatis
1108 1835 1143 1890 et
1153 1825 1296 1900 amoris,
1314 1843 1382 1908 quo
1401 1824 1437 1890 in
1452 1823 1658 1914 Theologiae
1670 1874 1679 1906 ,
1691 1825 1881 1908 Ecclesiae,
1900 1831 2055 1915 inhujus
2071 1828 2198 1896 Acade·

666 1943 755 2010 miae
779 1947 1056 2012 emolumentum
1076 1945 1325 2030 conspiremus.

708 2059 778 2124 Vos
795 2061 943 2146 denique
961 2063 1118 2146 appello,
1137 2057 1424 2126 Praestantissimi
1439 2063 1584 2147 juvenes
1602 2064 1706 2150 hujus
1717 2061 2038 2132 Academiaeeivest
2057 2061 2197 2132 Vestrae

664 2175 811 2244 utilitati
837 2177 1000 2246 inservire
1030 2197 1131 2246 curae
1154 2173 1239 2240 mihi
1261 2173 1423 2258 cordique
1442 2183 1507 2241 est.
1553 2175 1621 2244 Vos
1655 2181 1883 2263 praesertim,
1912 2179 1973 2266 qui
1995 2179 2197 2267 'theologiae

666 2316 806 2382 operam
825 2297 936 2374 datis,
963 2317 1044 2362 cum
1067 2293 1207 2362 caeteris
1230 2292 1352 2357 vestris
1372 2290 1676 2376 praeceptoribus,
1700 2313 1757 2360 me
1779 2314 1915 2378 quoque
1931 2295 2103 2383 [adhihere
2125 2307 2197 2365 stu·

666 2413 806 2481 dicrum
837 2423 1032 2482 vestrorum
1069 2415 1212 2488 ducem,
1238 2409 1294 2476 cui
1325 2407 1375 2473 nil
1411 2405 1586 2492 antiquius
1624 2409 1690 2476 erit
1723 2424 1828 2494 quarn
1866 2413 1961 2480 robis
1994 2417 2198 2500 prospicere.

666 2531 854 2602 Audivistin
881 2550 994 2603 meam
1018 2529 1287 2618 aetherioque,
1314 2525 1423 2612 deque
1441 2525 1625 2614 juvenibus
1646 2529 1688 2595 ad
1707 2529 1796 2594 banc
1816 2529 2041 2600 informandis
2061 2543 2197 2602 senten·

669 2651 767 2718 tiam.
812 2649 900 2719 linio
924 2649 1129 2732 adhaerere,
1151 2651 1219 2716 huc
1242 2647 1356 2715 omnia
1378 2664 1454 2712 mea
1480 2645 1652 2725 conferre,
1680 2645 1731 2714 ita
1758 2646 1936 2714 vobiscum
1960 2669 2058 2738 agere
2085 2650 2194 2738 cupio.

667 2765 778 2838 Obie
805 2769 1044 2841 fortunatum!
1076 2769 1246 2856 siquidem
1284 2761 1371 2832 mihi
1403 2765 1604 2854 contigerit,
1636 2765 1673 2832 in
1703 2767 1768 2832 hec
1798 2765 1981 2835 Academia
2005 2767 2194 2858 Theologos

666 2887 848 2956 instituere
866 2890 1047 2956 adrerum
1069 2891 1168 2956 unice
1187 2887 1399 2956 sectandum.
1440 2883 1515 2954 Vos
1543 2893 1661 2952 autem
1686 2894 1722 2952 et
1741 2895 1892 2954 vestram
1913 2891 2007 2954 hunc
2032 2889 2069 2954 in
2090 2889 2193 2954 tinem

667 3027 807 3092 operam
832 3005 1034 3094 impendite.
1078 3003 1204 3076 Mentis
1239 3006 1381 3073 oculum
1407 3013 1540 3072 servate
1564 3003 1779 3080 incolumen,
1813 2982 1942 3088 acuite,
1973 3005 2194 3092 animumque

664 3123 825 3195 habetote
843 3127 886 3194 ad
908 3147 1031 3194 verum
1052 3145 1266 3196 conversum.
1312 3119 1368 3190 Sic
1389 3133 1515 3191 mutuo
1540 3122 1655 3191 studio
1680 3125 1933 3212 conjungentur
1957 3133 2193 3208 praeceptores

666 3253 702 3312 et
722 3243 893 3330 discipuli.
939 3239 996 3312 Sic
1008 3255 1123 3318 vestm
1140 3243 1325 3334 aliquando
1335 3243 1453 3312 labore
1474 3241 1614 3312 ecclesia
1632 3237 1782 3320 Christi,
1806 3243 1921 3310 divino
1935 3237 2067 3330 Spiritu
2082 3244 2194 3330 magis

666 3363 842 3452 magisque
872 3361 1027 3446 imbuta,
1060 3365 1247 3435 laetissima
1271 3363 1482 3432 incrementa
1515 3372 1658 3450 captura
1688 3371 1759 3439 est,
1784 3361 1822 3427 in
1852 3361 1999 3450 gloriam
2013 3353 2104 3432 bei,
2132 3361 2192 3443 qui
2252 3355 2260 3366 '

668 3499 728 3548 nos
753 3479 895 3562 dilexit,
919 3493 955 3551 et
982 3501 1053 3550 trau
1072 3499 1223 3564 martra,
1253 3483 1313 3570 qui
1333 3483 1493 3572 sanguine
1509 3501 1572 3550 auo
1590 3501 1651 3548 nos
1667 3479 1834 3549 redomiti

715 3601 767 3670 Tu
797 3616 893 3690 pater
923 3599 965 3673 0.
998 3603 1069 3674 lut
1101 3606 1191 3676 rotis
1222 3603 1349 3676 nostris
1381 3625 1532 3682 annuas,
1557 3599 1722 3690 nobisque
1750 3597 1922 3687 propitius
1951 3598 1998 3664 ab
2017 3611 2080 3683 per
2096 3611 2193 3659 mu!

669 3735 828 3788 carrarca
855 3719 985 3792 Filium
1004 3731 1118 3794 tunm.
2235 3719 2237 3724 ’
