4902 6246
645 741 689 804 st
965 719 1856 796 ulusutttsttttlvuuusu

647 949 683 1004 et
713 931 839 1020 ingenii
857 931 1045 1008 calliditas,
1067 931 1207 1018 publied
1227 927 1480 1004 admonitione,
1499 929 1659 1013 praemiis
1681 931 1867 1015 expositis,
1890 947 2020 1016 speque
2041 940 2172 1003 emolu·

648 1051 774 1126 menti,
815 1051 880 1116 etsi
906 1051 1113 1136 plerumque
1140 1051 1352 1126 excitentur,
1386 1058 1504 1115 tamen
1538 1047 1688 1116 incertae
1707 1058 1752 1116 et.
1772 1047 1948 1124 infirmae,
1982 1071 2046 1118 aee
2074 1063 2173 1122 tento

647 1172 784 1256 rigore,
809 1169 1013 1244 existerent,
1044 1169 1109 1234 nisi
1141 1170 1373 1238 recentiorum
1415 1147 1739 1235 matbematioorum
1778 1165 2095 1256 investigationibus
2130 1197 2169 1244 ae

646 1285 817 1362 inventis,
843 1285 981 1370 adjutae
1008 1294 1043 1350 et
1065 1287 1303 1356 corroboratae
1321 1287 1481 1354 fuissent.
1525 1285 1658 1354 Multae
1683 1288 2032 1373 magnaeque-landes
2056 1290 2170 1376 itaque

646 1409 687 1474 iis
716 1405 897 1483 omnibus,
932 1402 1049 1472 nostri
1076 1406 1302 1474 admiratione
1333 1405 1540 1492 ugnietmis
1574 1406 1656 1474 viris
1684 1404 1874 1481 dabantur,
1907 1405 1999 1490 quod
2034 1417 2171 1474 tantum

643 1524 840 1600 effecerint,
873 1531 914 1588 ut
950 1531 1069 1606 postea
1106 1524 1218 1590 variae
1257 1525 1446 1590 industriae
1480 1533 1572 1590 artes
1600 1545 1706 1609 opere
1747 1535 1782 1592 et
1815 1525 1997 1601 institute,
2025 1527 2172 1609 perfecti

643 1642 778 1708 ratione
793 1643 909 1708 iactae
923 1643 994 1708 siat
1016 1641 1279 1718 ornatissimae,
1303 1641 1535 1709 subsidiorum
1566 1640 1662 1728 oopid
1688 1641 1892 1718 ditissimae,
1927 1652 1962 1708 et
1990 1652 2171 1728 propterea

644 1764 750 1829 etiam
772 1781 909 1828 summo
937 1765 1065 1828 bonore
1096 1759 1271 1824 habendae
1294 1771 1330 1824 et
1351 1761 1500 1825 maximo
1517 1761 1763 1838 aestimandae,
1793 1777 1874 1825 eum
1893 1760 2092 1827 contineant
2112 1783 2168 1837 ea,

644 1881 772 1964 quibus
795 1881 869 1964 ipsa
891 1880 1073 1942 hominum
1090 1875 1279 1950 industris,
1305 1877 1556 1959 laudabilisque
1574 1877 1701 1942 sciendi
1728 1881 1920 1966 cupiditas,
1944 1879 2084 1946 excitari
2099 1880 2171 1947 sive

644 2001 783 2086 augeri,
807 1999 952 2062 stralus
974 1993 1115 2076 publius
1139 1992 1288 2055 stabiliri
1312 1992 1451 2058 debent.

691 2116 737 2181 Et
761 2113 790 2177 si
808 2114 947 2196 insuper
967 2107 1176 2174 attendimus
1194 2108 1237 2172 ad
1255 2105 1463 2172 latissimum
1489 2109 1581 2172 illud
1606 2113 1770 2194 temporie
1799 2116 1970 2198 spatium,
1999 2135 2062 2200 per
2079 2117 2171 2200 quod

647 2233 703 2299 illi,
719 2231 847 2298 summi
864 2228 990 2314 ingenii
1013 2225 1102 2303 viri,
1122 2235 1175 2292 tot
1197 2225 1369 2309 tantisque
1391 2223 1564 2290 laboribus
1587 2228 1744 2309 occupati
1762 2229 1928 2311 fuerunt,
1947 2255 2015 2316 quo
2032 2235 2172 2300 demum

645 2353 735 2439 grati
751 2349 856 2417 animi
876 2367 978 2413 sensu
1003 2369 1083 2436 erga
1101 2369 1157 2416 eos
1178 2371 1249 2416 esse
1277 2347 1462 2426 debemus,
1497 2367 1600 2424 eum,
1628 2347 1793 2430 perpetui
1823 2371 1942 2418 eorum
1975 2353 2174 2440 diligantid,

645 2469 741 2536 tanti
760 2469 866 2534 simus
899 2466 1060 2532 instructi
1087 2465 1263 2533 doctrines
1291 2465 1403 2550 eopld,
1438 2474 1498 2542 ut,
1530 2467 1572 2530 ad
1598 2485 1837 2552 quameunque
1855 2487 1954 2560 rem,
1980 2469 2016 2532 in
2044 2471 2173 2536 artium

645 2609 749 2656 usum
779 2598 815 2653 et
831 2589 866 2652 in
884 2603 1102 2652 communem
1121 2584 1332 2660 utilitatem,
1363 2583 1633 2659 instituendam,
1668 2583 1876 2652 efficiendum
1897 2593 1960 2651 aut
1981 2587 2175 2670 perducen-

644 2711 744 2792 dam,
774 2707 862 2771 nihil
885 2704 1047 2772 scientiae
1075 2703 1175 2770 nobis
1198 2704 1312 2768 deesse
1335 2700 1517 2768 rideatur?

1331 2943 1522 2958 m

688 3173 766 3238 lam
794 3173 888 3248 illas,
930 3191 1016 3257 quas
1040 3173 1143 3257 hujus
1169 3171 1237 3238 diei
1261 3173 1460 3240 solemnitor
1488 3157 1662 3258 postulet,
1680 3177 1781 3242 officii
1801 3189 1916 3262 partes
1938 3182 2047 3248 laetus
2069 3183 2170 3250 liceat

648 3296 820 3376 impleam.
854 3259 1160 3376 opportunitatem
1182 3289 1309 3361 etenim
1329 3290 1413 3355 mihi
1435 3293 1629 3358 laetandum
1650 3295 1768 3374 rideo,
1791 3299 1858 3384 qud
1879 3301 1994 3378 vobis,
2012 3321 2174 3366 rmranns-

631 3429 726 3509 ¹rans
758 3427 1122 3474 anan-rsaarrorrsrs
1155 3409 1357 3474 omerorarl
1387 3419 1531 3492 quantas
1558 3411 1662 3478 debeo
1682 3418 1808 3502 gratias
1828 3431 1863 3486 et
1887 3441 1990 3504 quam
2011 3421 2173 3484 maximas

638 3530 776 3610 babeo,
806 3533 940 3615 palem,
957 3531 1017 3595 sed
1036 3527 1209 3614 omniqui
1222 3530 1319 3595 deest
1335 3528 1546 3608 reverentii,
1565 3531 1754 3618 significare
1776 3538 1917 3622 possim.
1963 3537 2174 3622 Utinamque

649 3653 760 3734 majas
784 3659 820 3716 et
841 3652 1029 3715 maximnm
1052 3647 1191 3733 quidem
1215 3649 1377 3735 gaudium
1398 3649 1575 3732 percipere
1595 3649 1735 3728 liceret,
1761 3654 1790 3718 si
1814 3655 1919 3721 rerba
1938 3677 2001 3721 nec
2020 3655 2177 3719 deessent

648 3787 711 3832 nec
724 3769 902 3846 abessent,
933 3769 1060 3855 quibus
1081 3767 1265 3856 gratissimi
1284 3769 1389 3833 animi
1415 3789 1575 3845 sensum,
1600 3781 1640 3837 ut
1657 3789 1718 3854 per
1741 3783 1813 3844 est,
1842 3771 2039 3859 dignissime
2059 3772 2174 3856 expli-

649 3897 773 3951 darem.
819 3889 904 3954 Nam
932 3891 1120 3971 quomodo,
1148 3890 1326 3972 quemvis,
1352 3888 1380 3952 si
1408 3899 1541 3972 posset,
1579 3911 1688 3955 essem
1714 3891 1991 3961 facundissimus,
2018 3910 2174 3953 sermone

652 4005 972 4086 comprehenderem
1000 4015 1103 4084 etque
1141 4007 1319 4084 perspicue
1350 4007 1599 4083 exprimerem,
1625 4004 1716 4082 quod
1740 4001 2001 4068 benevolentius¹
2015 4016 2049 4072 et
2078 4027 2174 4071 com-

651 4119 875 4209 mendationis
902 4127 1035 4184 restrae
1057 4117 1165 4181 ievori
1195 4115 1484 4200 aequiperarem?
1524 4137 1611 4202 quae
1637 4117 1775 4202 quidem
1799 4129 1914 4186 tantus
1947 4125 2109 4208 luerunt,
2135 4139 2175 4192 ut

654 4234 809 4300 maximis
846 4255 903 4301 me
932 4233 1138 4310 honoribus,
1171 4251 1256 4320 quoe
1304 4235 1404 4300 hodie
1445 4255 1600 4322 capesso,
1652 4257 1715 4301 arx
1761 4247 1876 4306 noster
1924 4263 2169 4311 annnsrrssruns

652 4357 795 4440 dignum
815 4353 1034 4440 judicaverit.
1054 4391 1057 4401 -
1081 4351 1192 4418 Tanta
1208 4353 1317 4439 igitur
1346 4355 1436 4438 apud
1460 4373 1520 4420 ros
1551 4357 1591 4422 de
1610 4374 1663 4422 me
1683 4359 1751 4423 fuit
1773 4361 2000 4442 existimatio,
2025 4375 2085 4446 ut,
2105 4387 2173 4450 que

652 4475 719 4539 edu
741 4471 933 4560 diligentid,
960 4472 1114 4540 doetrind
1136 4482 1199 4537 aul
1215 4471 1426 4546 eruditione,
1454 4493 1529 4538 eam
1548 4484 1663 4540 tamen
1683 4451 1774 4544 haud
1798 4483 1965 4550 minorem
1997 4487 2051 4552 vel
2071 4487 2174 4552 nimis

653 4596 812 4682 eriguam
843 4593 1066 4678 putaveritis,
1099 4613 1167 4676 qua
1201 4593 1327 4656 selsam
1357 4593 1494 4656 honoris
1533 4597 1668 4674 sedem,
1696 4615 1800 4680 quem
1824 4623 1916 4671 nuno
1945 4617 2063 4682 teneo,
2093 4627 2173 4674 cum

655 4715 820 4804 dignitate
839 4721 954 4780 tenere
975 4721 1010 4780 et
1035 4730 1113 4778 cnm
1135 4714 1235 4779 leude
1263 4713 1351 4780 tueri
1374 4712 1531 4797 possem?
