4956 6246
638 743 679 812 il
895 737 1143 810 CORNELII
1182 738 1346 810 PRUYS
1381 735 1487 812 vall
1519 739 1625 810 DER
1660 739 1889 814 Hoeven.

632 941 832 1020 maara,
856 945 1113 1030 jureconsultus
1143 968 1276 1016 carneas
1319 963 1442 1032 egere,
1474 941 1628 1012 medicas
1666 947 1787 1030 praxin
1823 945 1993 1016 medicam
2027 951 2160 1028 lamae,

631 1064 807 1130 litterator
828 1066 1089 1150 grammaticam
1106 1087 1230 1151 pueros
1247 1065 1385 1130 docere:
1408 1083 1521 1150 aequm
1541 1065 1657 1130 oleum
1680 1075 1715 1130 et
1732 1085 1873 1150 operam
1899 1068 2064 1148 perdant,
2088 1068 2160 1135 sire

632 1180 886 1266 metaphysica,
918 1185 991 1252 sire
1016 1187 1191 1273 theologia
1226 1182 1395 1262 naturali,
1431 1183 1474 1248 de
1505 1181 1629 1265 quibus
1670 1204 1757 1248 num
1786 1183 1875 1259 sint,
1913 1202 1975 1248 nec
2004 1203 2071 1260 ne,
2100 1181 2160 1248 din

631 1298 855 1386 multamque
876 1300 1091 1387 disputatum
1119 1313 1172 1372 est
1196 1312 1232 1370 et
1255 1301 1454 1368 adhucdum
1484 1299 1704 1385 disputatur,
1734 1299 1806 1366 site
1835 1298 2066 1376 astronomia,
2089 1299 2161 1368 sira

630 1416 756 1484 litteris
797 1417 1031 1488 Orientalibus
1068 1432 1203 1508 macter
1234 1420 1402 1488 Hebraeas
1435 1419 1602 1498 colendis,
1641 1421 1712 1488 sire
1747 1419 1869 1488 studiis
1896 1420 2160 1505 philosophicis,

631 1541 802 1623 politicis,
834 1544 1079 1630 oeconomicis,
1115 1544 1309 1622 hntoricis,
1344 1561 1431 1628 quae
1465 1541 1667 1628 theologam
1703 1543 1759 1610 vel
1784 1545 2062 1630 jureconsultsm
2090 1559 2161 1608 non

631 1657 769 1729 faciem.

674 1776 722 1846 Et
740 1783 793 1849 uti
813 1805 892 1852 cum
910 1785 1061 1852 scientiis
1076 1779 1329 1848 mathematicis
1348 1786 1384 1843 et
1407 1776 1558 1863 physicis
1583 1777 1720 1846 litterae
1742 1779 1963 1844 humaniores
1985 1777 2037 1842 nil
2059 1796 2157 1844 eom«

632 1911 737 1960 mune
749 1900 896 1972 habent,
913 1901 963 1962 ita
986 1909 1065 1965 tuto
1083 1901 1143 1962 has
1159 1901 1310 1984 negliget
1337 1899 1580 1984 philosophus,
1607 1921 1720 1986 neque
1739 1901 1925 1968 admodum
1954 1897 2159 1968 desiderabit

630 2019 691 2074 aut
721 2010 1019 2094 metaphysicam,
1059 2017 1121 2074 aut
1151 2009 1333 2076 historiam
1360 2015 1616 2096 philosophiaet
1649 2021 1938 2096 quemadmodum
1959 2019 2158 2086 litterarum

629 2124 750 2190 doctor
768 2125 867 2192 semla
885 2127 1014 2193 carebit
1035 2128 1129 2194 omni
1146 2128 1210 2193 illo
1240 2129 1403 2211 adparatu
1421 2125 1667 2203 scientiarum,
1696 2149 1783 2210 quae
1805 2131 1842 2192 in
1865 2135 2063 2210 Gymnasiis
2087 2153 2163 2200 non

633 2243 832 2311 traduntur.
877 2243 1047 2329 Tempore
1070 2266 1151 2313 uero
1174 2257 1210 2314 et
1235 2248 1310 2312 otio
1321 2267 1427 2330 quam
1444 2245 1715 2328 intemperanter
1732 2242 1979 2318 abuterentur,
1997 2243 2057 2327 qui
2081 2255 2164 2314 ants

630 2361 746 2426 omnia
766 2363 803 2426 in
826 2363 950 2428 studiis
972 2365 1096 2449 prarin
1117 2387 1186 2432 non
1212 2367 1384 2454 cogitent,
1417 2367 1471 2432 rel
1497 2364 1713 2430 medicorum
1741 2360 1956 2428 momtratur
1983 2364 2159 2446 exemplo,

630 2482 755 2565 quibus
774 2484 811 2549 in
842 2487 975 2552 theoria
998 2485 1216 2555 versantibus
1241 2489 1353 2556 omnis
1375 2496 1501 2554 natura
1523 2483 1755 2572 cognoscenda
1780 2492 1855 2552 est,
1875 2489 1948 2546 tam
1974 2501 2159 2568 corporum

630 2601 921 2683 inanimatorum,
945 2626 1049 2691 quam
1072 2609 1325 2675 animatorum:
1349 2605 1543 2676 fossilium,
1572 2605 1792 2688 plantarum,
1823 2599 2047 2664 animalium:
2072 2617 2170 2682 quae.

630 2731 672 2788 nt
690 2723 765 2808 ipsa
778 2725 913 2792 infinita
933 2736 1004 2804 est,
1029 2727 1079 2791 sio
1099 2727 1142 2792 ab
1158 2735 1233 2793 arte
1255 2725 1407 2792 sedanda
1423 2732 1578 2789 mentem
1594 2719 1750 2804 inprimis
1769 2720 1916 2796 avertit,
1940 2737 2028 2802 quae
2045 2737 2158 2802 nemra

631 2841 882 2927 cognitionibus
902 2845 999 2921 istis,
1021 2867 1084 2910 nec
1099 2845 1473 2931 contemplationibus,
1496 2843 1555 2909 ssd
1566 2861 1631 2907 usu
1651 2849 1686 2906 et
1702 2837 1945 2906 exercitatione
1963 2837 2155 2903 discitur.»

676 2955 706 3024 0
728 2962 941 3044 praeclaram
966 2984 1115 3049 vereque
1135 2965 1324 3048 practicam
1346 2961 1621 3048 philosophiam,
1641 2977 1727 3041 quae
1745 2956 1855 3023 vitam
1872 2956 1971 3022 nobis
1994 2957 2152 3042 longam,

631 3087 743 3146 artem
768 3079 911 3148 brevem
932 3082 1097 3150 effecisti!
1120 3081 1232 3171 Quam
1257 3094 1376 3162 curta,
1398 3103 1503 3168 quam
1524 3078 1651 3147 habilis
1670 3071 1832 3144 scientiae
1853 3071 2030 3158 supellex!
2062 3071 2110 3137 Te
2126 3069 2157 3136 si

630 3218 853 3283 sequeremur
878 3202 1021 3280 ducem,
1045 3205 1113 3271 tuis
1136 3204 1166 3270 si
1191 3205 1507 3289 obtemperaremus
1531 3197 1742 3286 praeceptis,
1763 3209 1876 3280 neque
1901 3199 1999 3258 tanta
2029 3188 2160 3274 indict·

629 3337 745 3385 remm
770 3320 992 3385 scientiarum
1016 3341 1168 3408 pompa,
1195 3345 1259 3390 nec
1283 3333 1355 3394 tam
1375 3307 1479 3410 longo
1501 3331 1536 3391 et
1556 3328 1713 3388 tortuoso
1736 3311 1933 3380 studiorum
1951 3329 2075 3386 cursu,
2093 3327 2159 3376 nse

630 3447 702 3504 tam
723 3447 929 3524 sumptuosa
942 3439 1123 3527 disciplina
1141 3444 1348 3510 academica:
1375 3443 1516 3529 ipsaque
1537 3439 1683 3506 forsitan
1699 3454 1769 3500 non
1787 3431 2017 3516 indigeremus
2035 3429 2158 3496 sende

628 3557 718 3622 miae
738 3557 908 3643 siquidem
929 3570 1144 3645 praestaret,
1161 3562 1439 3648 propeedsntieas
1460 3557 1656 3643 disciplinas
1680 3553 1738 3644 rel
1757 3548 1852 3616 domi
1872 3547 2022 3624 discere,
2045 3549 2099 3614 tel
2120 3546 2159 3612 in

630 3673 840 3761 Gymnasio,
863 3688 899 3744 et
921 3679 1172 3746 academiarum
1196 3683 1273 3747 loco
1290 3682 1424 3748 scholas
1441 3678 1585 3744 fundare
1607 3671 1793 3759 practicae:
1818 3665 2059 3751 theologorum
2076 3683 2109 3728 e·
2129 3679 2159 3726 e.

628 3791 795 3882 Traiecti,
834 3801 1151 3884 jureconsultorum
1178 3798 1390 3886 Groningae,
1438 3797 1675 3864 litteratorum
1712 3782 1896 3871 Lugduni,
1944 3781 2160 3904 mediocrum

627 3909 898 3984 Amatelodemi,
928 3937 998 3990 quo
1014 3919 1091 3981 loco
1114 3924 1150 3979 et
1165 3915 1281 3995 opima
1301 3914 1558 3995 aegrotantium
1578 3931 1673 3984 seges
1697 3915 1733 3972 et
1750 3903 1838 3980 mire
1857 3907 2148 3970 amwmwfflma

629 4024 841 4111 amplitudo;
873 4043 942 4108 qua
969 4024 1112 4108 quidem
1145 4025 1278 4088 ratione
1310 4030 1525 4108 quantopere
1561 4011 1789 4101 parsimoniae
1823 4014 2021 4080 consultum
2050 4015 2160 4088 ieret,

629 4164 699 4211 non
722 4153 794 4222 est,
820 4144 913 4228 quod
936 4161 1106 4210 moneam.

674 4263 814 4332 Habetis
842 4263 917 4332 ΔΔΙ
950 4260 1157 4328 academiam
1193 4258 1238 4323 ad
1273 4253 1439 4322 utilitatis
1465 4251 1622 4320 studium
1657 4249 1932 4322 conformatam,
1957 4258 2019 4318 aut
2043 4250 2160 4334 petias

629 4385 763 4451 habetis
799 4405 875 4450 eam
909 4379 1124 4468 philosophia
1156 4377 1257 4445 utilis
1291 4397 1330 4442 ac
1363 4371 1575 4462 pragmatica
1613 4391 1758 4458 prorsus
1793 4369 1980 4436 sublatam.
2024 4365 2156 4453 Nempe

630 4504 667 4568 in
691 4505 756 4568 hac
781 4500 1001 4586 inquisitione
1034 4497 1166 4582 aliquid
1197 4497 1330 4562 mirum
1355 4494 1454 4561 nobis
1484 4490 1620 4569 evenit,
1649 4488 1711 4576 qni
1740 4487 1828 4556 duce
1868 4507 1909 4556 ea
1940 4483 2156 4572 philosophie

628 4630 831 4710 quaerentes
861 4629 897 4686 et
930 4617 1170 4703 investigantes
1203 4613 1459 4684 institutionem
1491 4610 1744 4686 academicam,
1768 4629 1838 4695 quo
1881 4617 2037 4693 tempere
2078 4625 2152 4674 eam

630 4739 889 4828 adprehendisse
911 4736 1187 4816 arbitrabamur,
1214 4756 1290 4804 ecce
1317 4737 1409 4826 fugit
1425 4733 1601 4822 indignata
1618 4729 1684 4799 sub
1704 4729 1867 4801 umbrat
1956 4779 1961 4794 .

640 4882 645 4890 ’
672 4858 958 4948 Quandoquidem
985 4857 1092 4946 igitur
1121 4859 1221 4925 nulla
1247 4856 1346 4927 nobis
1375 4875 1452 4944 spes
1483 4851 1723 4940 relinquitur,
1753 4853 1828 4922 sors
1847 4857 1890 4920 at
1914 4849 1978 4916 hec
2001 4867 2076 4916 eam
2099 4845 2156 4914 ria
