4918 6254
277 1417 508 1552 Quodsi,ut
531 1445 568 1511 in
596 1463 714 1512 rernm
737 1455 862 1514 natura
889 1465 1050 1536 agrorum
1074 1445 1134 1514 elii
1155 1454 1326 1534 segetem,
1355 1443 1414 1511 alii
1440 1427 1597 1527 fructus,
1632 1441 1692 1508 alii
1720 1461 1801 1512 uuas

278 1565 411 1631 felicius
431 1565 596 1652 gignunt,
617 1565 668 1633 ita
686 1564 859 1633 virtutum
883 1566 1016 1632 semina
1036 1575 1071 1634 et
1095 1567 1311 1633 incrementa
1328 1584 1349 1630 a
1368 1561 1470 1630 certis
1491 1561 1575 1629 locis
1597 1545 1804 1647 penderent,

277 1704 429 1751 amorem
458 1687 590 1770 patriae
619 1686 655 1752 iu
675 1688 739 1750 hac
755 1684 843 1752 urba
863 1695 899 1752 et
928 1684 1111 1753 Academia
1130 1684 1210 1752 beni
1230 1679 1323 1750 nasci
1352 1683 1534 1769 augerique
1553 1681 1805 1748 contenderem.

321 1797 440 1887 Neque
460 1823 499 1869 ea
515 1805 609 1883 laus,
632 1805 841 1873 ornatissimi
864 1805 1050 1888 auditores,
1076 1807 1159 1870 hera
1181 1805 1237 1870 vel
1259 1800 1383 1865 nudius
1409 1800 1533 1866 tertius
1553 1801 1657 1868 venit·
1704 1798 1804 1867 brevi

276 1918 348 1984 dies
368 1919 567 2008 illucescet,
587 1943 655 2008 quo
677 1924 845 1991 memoria
859 1924 909 1990 rei
931 1921 1181 1997 celebrabitur,
1199 1928 1279 1985 ante
1291 1919 1455 1984 ducentos
1471 1918 1805 2004 sexagintaquinque

275 2055 379 2104 anuos
405 2049 540 2125 gestae,
573 2043 632 2106 sed
662 2043 713 2107 ita
754 2039 909 2104 omnium
950 2037 1125 2104 mentibus
1154 2035 1356 2117 inscriptae,
1387 2042 1428 2099 ut
1455 2055 1678 2120 unaquaeque
1712 2046 1804 2102 aetas

274 2173 433 2238 praesens
475 2157 674 2224 interfuisse
706 2155 875 2222 videatur,
920 2151 1063 2237 Ingens,
1106 2151 1224 2237 ingens
1264 2157 1440 2233 reportata
1473 2159 1526 2218 est
1564 2153 1727 2218 victoria:
1767 2175 1806 2219 ac

274 2274 388 2339 nescio
416 2295 459 2338 an
485 2275 634 2338 maxima
664 2273 699 2334 in
727 2268 822 2334 omni
847 2268 914 2334 isto
944 2269 1039 2352 bello
1067 2267 1262 2354 Hispanico.
1306 2265 1453 2334 Romani
1488 2271 1723 2358 gloriabantur
1752 2273 1807 2341 die

273 2389 426 2468 Nolano,
444 2409 553 2476 quum
567 2389 761 2476 Imperator
776 2383 1043 2470 imperatorem,
1060 2387 1229 2453 exercitus
1239 2383 1431 2452 exercitum
1448 2409 1546 2472 posse
1560 2389 1651 2456 vinci
1667 2391 1803 2470 docuit,

275 2519 310 2576 et
332 2511 502 2593 populum
530 2509 609 2593 post
643 2504 859 2595 gravissimos
897 2523 993 2570 casus
1026 2526 1086 2590 spe
1109 2504 1265 2572 melioris
1299 2505 1459 2575 fortunae
1494 2509 1618 2584 erexit:
1648 2512 1806 2601 exiguam

274 2625 401 2693 cisium
429 2645 590 2707 manum,
622 2623 819 2699 discordiis,
855 2623 945 2688 lame
981 2643 1022 2688 ac
1049 2631 1145 2706 peste
1178 2623 1414 2705 laborantem,
1449 2629 1681 2713 potentissimi
1701 2629 1803 2717 Regis

251 2727 255 2736 ⁴
274 2742 437 2807 retudisse
458 2719 647 2828 impetum,
667 2746 781 2831 majus
803 2749 855 2808 est
876 2750 911 2810 et
930 2742 1217 2830 magnificentius·
1313 2801 1319 2804 .
1350 2779 1356 2790 ι

317 2859 433 2946 Atque
458 2861 563 2948 hujus
600 2863 684 2928 iacti
715 2857 824 2947 gloria
853 2877 922 2942 quo
951 2879 1053 2926 sensu
1086 2861 1176 2928 cives
1205 2859 1383 2930 Leidsnaes
1411 2861 1598 2942 imbuerit,
1633 2869 1689 2934 vel
1726 2867 1810 2932 hinc

274 2977 421 3066 intelligi
441 2989 577 3065 potest,
600 2981 709 3066 quod,
738 2977 896 3064 quamvis
912 2981 1031 3060 poeitae
1053 2989 1088 3046 et
1121 2987 1274 3044 oratores
1302 2979 1340 3044 in
1361 2999 1405 3046 eo
1434 2982 1605 3049 laudando
1633 2981 1809 3050 Maratho-

275 3115 355 3161 nem
389 3105 425 3162 et
461 3093 669 3163 Salaminem
707 3113 807 3162 suam
839 3094 1048 3180 invenerint,
1089 3115 1336 3184 sacrorumque
1375 3097 1547 3166 librorum
1601 3100 1806 3188 interpretes

275 3212 454 3280 historiam
492 3214 674 3298 quotannis
702 3213 739 3280 in
763 3213 905 3300 templis
932 3222 1110 3298 repetant,
1142 3234 1244 3281 nemo
1277 3224 1394 3282 tamen
1422 3218 1620 3297 invenitur,
1655 3219 1710 3285 cui
1741 3236 1811 3286 non

276 3331 326 3397 ita
344 3335 503 3418 placcat,
524 3345 565 3402 ut
584 3336 627 3401 ad
656 3334 799 3402 eandem
825 3332 1011 3400 obsidionis
1029 3333 1391 3400 commemorationem
1420 3358 1508 3405 novo
1532 3358 1670 3422 semper
1690 3339 1812 3407 ardore

277 3449 534 3537 inflammetur,
566 3453 666 3541 pueri
689 3455 774 3520 adeo
803 3463 839 3520 at
866 3452 1014 3519 feminae
1033 3455 1231 3523 exsultent,
1271 3451 1405 3538 ipsique
1430 3475 1525 3520 sanes
1546 3455 1643 3541 quasi
1679 3455 1813 3543 abiecto

276 3587 445 3636 mnarum
465 3581 603 3654 torpore
617 3573 838 3640 revirescant.
885 3569 1149 3655 Circumspicite
1169 3571 1308 3648 domos,
1326 3579 1362 3636 et
1374 3571 1664 3658 librosquaarite,
1686 3575 1810 3656 quihus

276 3696 392 3771 patres
416 3689 565 3755 familias
583 3692 696 3758 otium
716 3689 853 3756 utiliter
872 3691 1067 3765 delectant,
1092 3689 1272 3756 invenietis
1294 3692 1350 3755 rel
1375 3689 1412 3754 in
1433 3713 1583 3776 paupere
1604 3691 1812 3755 bibliotheca

277 3803 430 3870 uicinum
457 3824 556 3887 saepe
584 3805 679 3872 Novo
706 3805 893 3890 Veterique
921 3803 1141 3871 Testamenta
1169 3801 1363 3868 Orlersinm
1388 3810 1443 3872 vel
1474 3806 1685 3873 Severinum.
1733 3805 1809 3872 lam

277 3925 354 3990 loca
376 3921 598 3999 suburbana,
625 3924 858 4008 munimenta,
873 3925 1005 4007 fossas,
1030 3922 1067 3986 iu
1089 3922 1165 4006 ipsa
1185 3921 1274 3986 urba
1294 3921 1411 4000 aedes,
1443 3926 1628 4008 sepulcra,
1647 3924 1816 4010 quidquid

275 4059 356 4108 cum
375 4038 543 4104 memoria
563 4039 659 4106 tertii
680 4040 776 4102 illius
793 4040 861 4104 diei
879 4038 1040 4116 Octobris
1068 4047 1121 4104 est
1158 4041 1403 4123 conjunctum,
1433 4059 1535 4106 nemo
1561 4059 1713 4124 unquam
1744 4041 1816 4108 siue

276 4157 380 4225 tacita
397 4155 626 4222 admiratione
647 4145 925 4243 contemplatur,
954 4157 1165 4240 sordentqne
1186 4175 1267 4239 prae
1298 4156 1378 4223 istis
1397 4155 1674 4243 splendidissima
1693 4179 1816 4247 regum

276 4299 317 4345 ao
351 4278 548 4364 principum
570 4277 709 4363 palatia.
753 4272 922 4365 Antiquae
939 4279 1095 4350 chartas,
1121 4276 1308 4363 epistolae,
1328 4296 1450 4343 manus
1473 4277 1628 4344 virorum
1649 4277 1793 4345 fortium
1805 4327 1815 4360 ,

277 4395 513 4481 ratiunculae,
537 4398 662 4476 numi,
694 4399 852 4484 pecnnia,
879 4399 1016 4466 tabulam
1045 4399 1179 4484 pictae,
1211 4405 1361 4481 tapetas,
1392 4417 1510 4475 arina,
1540 4400 1721 4484 supellex,
1746 4391 1818 4466 ¹oeu

279 4516 424 4584 totidem
468 4518 620 4585 thesauri
649 4538 670 4584 a
699 4516 953 4605 possessoribus
980 4527 1175 4584 servantur.
1222 4514 1365 4583 Famem
1405 4519 1575 4604 tolerare,
1606 4537 1712 4605 quam
1746 4523 1818 4588 tale

277 4631 519 4702 oruamentum
542 4637 714 4724 rendere,
747 4619 910 4708 mallent.
953 4637 1061 4716 Fuit,
1085 4657 1198 4722 neque
1213 4637 1248 4702 ‘is
1282 4638 1324 4704 de
1345 4627 1532 4716 divitibus,
1563 4639 1625 4724 qui
1655 4639 1818 4724 cespitem

277 4749 550 4835 bituminosam,
579 4756 616 4822 in
649 4755 772 4824 castris
807 4754 965 4841 Hispanis
997 4744 1203 4840 inventam,
1239 4764 1379 4844 argento
1406 4757 1621 4841 includeret,
1662 4777 1706 4824 ne
1739 4777 1819 4824 cor-

278 4857 518 4953 rumperetur:
534 4859 774 4960 qamtainqde
792 4859 989 4942 momenti
1005 4867 1312 4961 sesontslreliquits
1321 4874 1654 4955 istisdstraxerunt,
1680 4885 1817 4944 tentum

278 4969 416 5070 pietatis
446 4981 485 5056 dc
499 4992 740 5061 mercationis
770 4992 937 5062 addidisse
972 4985 1154 5063 ridenturr
1194 5013 1308 5078 usqua
1343 4993 1473 5071 miror,
1511 4995 1623 5078 quum
1665 4990 1821 5060 Francus
