4956 6246
933 781 1214 853 ORATIO.
1797 791 1839 856 75

313 987 459 1054 menime
479 984 643 1060 solliciti,
663 983 725 1068 qni
743 988 825 1072 quid
845 989 881 1052 in
900 1008 1021 1074 regum
1039 989 1127 1054 aulis
1145 989 1294 1054 maxime
1308 951 1506 1068 acceptum,
1524 984 1607 1069 quid
1628 993 1840 1071 magnetibus

312 1117 472 1194 gratum,
503 1105 586 1190 quid
605 1107 677 1173 aevi
699 1111 814 1196 palato
839 1109 1063 1190 adaptatum,
1093 1108 1176 1189 quid
1196 1108 1262 1172 sibi
1285 1106 1478 1192 proficuum
1504 1102 1571 1178 sit,
1601 1104 1692 1168 baud
1717 1125 1837 1187 parum

312 1226 521 1308 respiciunt,
544 1245 648 1309 quos,
680 1227 841 1314 maed
867 1228 920 1290 rel
956 1225 1043 1291 bene
1066 1226 1293 1292 sentientium
1318 1225 1370 1288 ira
1396 1219 1528 1306 indigni
1561 1221 1598 1284 bi
1626 1221 1753 1288 merito
1778 1225 1840 1288 ha-

312 1343 449 1410 bentur.
495 1343 541 1409 At
565 1357 699 1428 praeter
725 1347 806 1420 bos,
833 1353 920 1428 quot
939 1353 1021 1409 sunt
1042 1345 1103 1427 qui
1134 1345 1286 1428 partium
1309 1343 1425 1409 studio
1450 1343 1658 1418 trahuntur,
1682 1343 1776 1426 quod
1797 1343 1838 1407 eb

314 1465 410 1528 unice
423 1464 583 1526 sectando
603 1485 684 1530 vero
704 1485 810 1549 ¹qnam
829 1461 1077 1528 alienissimum
1101 1462 1172 1528 esti
1208 1459 1302 1548 Quot
1321 1472 1403 1528 sunt
1425 1469 1650 1539 veteratores,
1676 1465 1840 1544 retrospi-

298 1582 436 1668 cientes
463 1599 616 1663 semper,
645 1582 713 1648 cosi
756 1601 899 1654 rarum,
930 1583 972 1646 ad
1001 1582 1094 1665 quod
1129 1581 1357 1648 accedendum
1392 1589 1471 1655 eet,
1514 1579 1707 1662 praeteritis
1741 1580 1839 1644 unice

314 1696 527 1778 temporibus
548 1698 729 1781 proprium
746 1700 870 1782 fuerit,
881 1709 916 1764 et
932 1699 1099 1782 siqnidem
1109 1699 1242 1783 possint
1255 1718 1391 1765 emnem
1408 1695 1626 1782 Theologiam
1636 1697 1837 1762 retinentes!

312 1812 405 1900 Quot
436 1839 454 1880 e
485 1837 523 1881 re
555 1815 728 1882 contraria
757 1827 956 1894 novatores,
988 1818 1114 1901 quibus
1141 1818 1224 1882 satis
1259 1815 1510 1886 ascendetur,
1546 1813 1727 1896 antiquum
1756 1813 1837 1896 quid

313 1953 405 2007 esse,
444 1943 484 1999 ut
522 1933 742 2018 antiquatum
770 1938 862 2002 idem
893 1935 1141 2018 pronuncient.
1169 1933 1230 2018 qni
1260 1932 1363 1997 rebus
1388 1930 1625 1998 subvertendis
1652 1935 1836 2000 autetiam

314 2050 391 2114 novi
421 2051 505 2133 quid
535 2053 756 2137 excogitando
781 2051 847 2115 sibi
883 2051 1027 2117 mirifice
1053 2053 1206 2133 placenti
1236 2051 1276 2112 In
1306 2051 1397 2113 hisce
1422 2069 1484 2112 neo
1511 2050 1659 2127 desunt,
1687 2051 1747 2133 qni
1773 2053 1838 2116 hoc

313 2164 462 2228 maxime
476 2166 599 2230 sectari
614 2167 791 2243 videntur,
804 2178 842 2230 ut
861 2185 985 2230 nomen
1006 2175 1258 2250 consequantur
1278 2167 1491 2247 famamque,
1513 2164 1543 2228 si
1556 2169 1610 2231 vel
1624 2208 1634 2243 ,
1649 2163 1837 2232 Herostrati

314 2283 359 2346 ad
380 2283 509 2356 instar,
545 2283 647 2346 sacris
673 2279 833 2346 omnibus
857 2281 1102 2366 conflagrandis
1131 2292 1290 2366 partam,
1315 2281 1417 2348 obliti
1442 2283 1596 2354 scilicet.
1635 2285 1735 2352 facilc
1753 2287 1836 2352 satis

313 2400 487 2485 negotium
506 2419 577 2464 esse
595 2397 769 2466 idolorum
784 2398 928 2464 delubra
943 2410 1093 2476 vastare,
1112 2400 1314 2466 mortalium
1334 2400 1368 2463 ri
1389 2423 1470 2468 vero
1482 2407 1594 2489 majus
1609 2423 1682 2470 esee
1696 2407 1839 2470 firmum

312 2513 369 2577 Dci
390 2515 654 2604 fundamentum
676 2525 847 2594 evertere;
874 2525 1006 2582 tantem
1023 2515 1059 2582 in
1076 2537 1176 2584 eausa
1196 2517 1412 2584 sanctissima
1436 2523 1612 2588 levitatem
1634 2524 1836 2608 prodentes,

313 2641 478 2712 qrmtam
498 2652 577 2696 cum
595 2631 743 2719 genuino
763 2635 833 2701 veri
856 2635 971 2702 studio
990 2635 1046 2702 vix
1066 2658 1106 2702 ac
1128 2659 1171 2704 ne
1191 2636 1248 2704 vir
1268 2639 1406 2720 quidem
1425 2642 1610 2708 consistere
1631 2653 1746 2727 queat.

358 2751 403 2814 At
431 2749 516 2814 varii
547 2749 679 2836 generis
706 2752 861 2820 homines
888 2767 1075 2824 occurrunt
1105 2756 1173 2822 alie
1190 2775 1296 2840 quam
1314 2757 1415 2822 unice
1431 2777 1552 2822 rerum
1566 2767 1755 2830 sectantes.
1774 2769 1835 2824 aut

314 2869 395 2932 huie
421 2868 536 2934 studio
567 2869 737 2936 contraria
765 2879 911 2955 agentes.
959 2867 1015 2936 ste
1042 2883 1144 2950 sunt,
1168 2874 1229 2957 qui
1256 2874 1421 2958 mysteria
1443 2875 1592 2938 maxime
1617 2875 1654 2938 in
1672 2875 1835 2958 religione

315 3001 507 3070 sectantum
538 3013 609 3082 quo
634 2991 743 3079 magis
765 2991 981 3069 abscondita,
1012 3013 1080 3076 quo
1099 2995 1284 3061 remotiora
1302 2993 1345 3058 eb
1363 2993 1542 3059 intellectu
1557 2992 1717 3079 dogmata
1734 3004 1835 3068 eunt,

315 3109 432 3174 cobis
462 3107 625 3175 diviniora
648 3111 826 3187 videntur,
859 3131 899 3175 eo
929 3113 1039 3177 acrius
1071 3135 1110 3178 ea
1142 3121 1302 3192 tuentur,
1336 3131 1376 3178 eo
1405 3110 1513 3196 magis
1537 3129 1634 3194 aegre
1651 3108 1785 3186 ierunt,
1806 3111 1835 3174 si

313 3227 396 3290 haee
417 3235 478 3290 aut
497 3228 684 3303 tollantur,
703 3237 764 3295 aut
781 3227 831 3296 ita
850 3228 1083 3314 explioentur,
1103 3241 1144 3296 ut
1160 3251 1252 3296 nnnc
1272 3226 1418 3314 intelligi
1438 3235 1582 3310 quemn
1597 3224 1834 3300 immemores,

314 3343 477 3426 mysteria
509 3344 571 3412 Dei
605 3346 790 3436 Euangelio
828 3368 900 3415 esse
936 3351 1120 3432 petefrem
1159 3371 1198 3416 ec
1226 3348 1480 3436 diligentiorem
1513 3341 1834 3430 pervestigationem

313 3481 432 3526 rerum
452 3462 662 3530 sectantibus
683 3467 878 3553 propriam.
907 3457 947 3534 et
960 3469 1125 3536 hactenus
1146 3469 1256 3554 ipsam
1273 3469 1405 3542 lucem,
1427 3461 1641 3530 fastidientes
1659 3470 1698 3526 et
1713 3471 1837 3549 retan-

315 3587 377 3644 tes.
423 3580 490 3646 Alii
524 3593 643 3650 eontra
673 3594 745 3650 tam
773 3587 877 3668 plana
904 3588 1025 3652 volunt
1051 3587 1166 3653 omnia
1190 3597 1226 3652 et
1257 3587 1366 3659 olera,
1396 3589 1437 3646 ut
1462 3580 1498 3642 iu
1518 3599 1635 3644 rerum
1656 3578 1836 3660 superficie

313 3695 449 3761 haerare
465 3699 614 3776 rnalint,
634 3719 737 3783 quam
750 3703 792 3768 ad
811 3703 957 3770 fundum
976 3712 1378 3786 penetrare,rnetuentee
1394 3695 1546 3769 scilicet,
1566 3717 1609 3758 ΕΘ
1621 3693 1836 3776 (Ιῦῑᾶθθῦῑῑῐ-
1861 3677 1865 3682 ¹
1933 3781 1938 3789 Ι

313 3825 368 3878 ret
395 3816 510 3880 minus
535 3818 771 3899 pellucidum,
801 3827 837 3884 et
864 3818 1091 3900 mysticorum
1114 3819 1253 3884 nomine
1281 3819 1468 3880 salutantes
1496 3830 1632 3883 omnes,
1662 3809 1720 3888 (lui
1750 3811 1835 3892 quid

314 3934 425 4013 majus
465 3931 602 3996 subesse
637 3934 873 4016 suspieentur,
905 3953 1008 4017 quam
1036 3935 1126 4017 quod
1156 3932 1220 4016 ipsi
1248 3931 1347 3995 nudis
1378 3926 1448 3992 suis
1476 3927 1583 3994 oculis
1613 3925 1835 4008 perspiciunt.

315 4043 424 4128 Quid,
441 4046 533 4128 quod
553 4046 646 4108 baud
665 4049 783 4130 pauci,
808 4051 987 4132 cujusnam
1000 4048 1047 4114 sit
1064 4047 1258 4120 sententie,
1277 4043 1385 4128 magis
1403 4043 1607 4115 attendunt,
1628 4058 1730 4122 quam
1750 4061 1833 4106 uum

315 4181 394 4230 vera
421 4163 503 4226 haec
525 4159 594 4227 siti
618 4159 719 4230 Hisce
746 4165 798 4232 ati
819 4173 956 4248 accepta
979 4139 1062 4230 sunt
1086 4163 1220 4238 omnia,
1239 4181 1324 4245 quae
1340 4159 1385 4224 ab
1403 4157 1600 4225 orthodoxis
1613 4176 1697 4241 quos
1715 4159 1835 4226 dicunt

315 4277 510 4348 doctoribus
531 4288 613 4346 sunt
641 4283 796 4366 prolata,
817 4285 866 4348 ita
896 4283 978 4348 setis
1004 4305 1076 4350 esse
1096 4267 1308 4356 videtur,'si
1328 4275 1419 4358 Arii,
1441 4276 1471 4342 si
1491 4276 1634 4366 Pelagii,
1657 4279 1684 4342 si
1702 4276 1833 4356 Sosiui,

315 4422 356 4466 ne
382 4401 425 4464 de
447 4397 695 4474 recentioribus
718 4400 898 4468 nonnullis
928 4400 1027 4466 bodie
1054 4399 1090 4464 ia
1116 4399 1228 4465 Patria
1250 4383 1362 4462 nostre
1384 4393 1589 4480 quibusdam
1610 4396 1717 4460 exosis
1743 4418 1834 4462 nunc

312 4518 443 4594 dicam,
471 4519 559 4582 hanc
590 4518 695 4586 fuisse
723 4519 930 4586 sententiam
957 4518 1228 4604 comperuerint,
1261 4528 1301 4583 ut
1328 4517 1469 4584 eandem
1497 4514 1680 4591 horreant,
1707 4526 1741 4582 et
1770 4518 1833 4582 tibi

313 4635 428 4699 eedem
452 4632 614 4716 sentienti
642 4636 868 4721 turpitudinis
895 4647 1013 4704 notam
1035 4637 1191 4714 inurent3
1220 4637 1269 4704 sic
1292 4633 1489 4723 longissime
1508 4634 1674 4702 distantes
1690 4657 1709 4700 e
1725 4636 1835 4706 Theo·

313 4749 391 4833 logo
412 4771 490 4816 vere
517 4749 672 4828 liberali,
701 4755 841 4834 qualem
868 4764 926 4831 tu,
949 4755 1189 4824 Eruditissime
1215 4753 1378 4820 enarrem!
1407 4762 1486 4820 ante
1503 4755 1565 4820 bos
1580 4753 1623 4818 25
1638 4754 1709 4820 fere
1729 4775 1833 4818 annos

315 4864 444 4952 egregie
471 4867 738 4948 adumbraristi,
763 4891 885 4940 verum
911 4893 931 4938 a
955 4892 1172 4961 quocumque
1198 4873 1355 4972 tandem,
1383 4874 1480 4940 vela
1507 4875 1654 4957 pessimo
1673 4873 1833 4952 bonitus,
