4956 6246
935 745 1213 818 ottilo.
1381 753 1383 758 ’
1793 751 1841 818 ii

313 945 349 1016 u
378 946 582 1016 memorium
612 966 771 1018 revooare
804 957 861 1030 ea,
896 952 938 1020 de
977 953 1103 1040 quihus
1131 953 1222 1021 inter
1251 969 1370 1019 omnes
1398 955 1555 1024 mustei,
1585 949 1717 1032 saepius
1740 953 1837 1018 haud

311 1083 434 1152 purum
465 1065 639 1136 eonduoit.
675 1065 792 1156 Neque
816 1075 1009 1156 sequuntur
1039 1090 1175 1154 semper
1202 1069 1359 1137 homines
1378 1068 1434 1146 id,
1453 1065 1547 1153 quod
1560 1085 1630 1132 uno
1649 1082 1709 1132 ore
1727 1069 1836 1150 proii-

306 1179 430 1251 ¹tantur
453 1203 585 1276 omues.
626 1182 718 1272 Quid
746 1188 838 1254 enim
861 1188 969 1256 eheui
999 1187 1215 1274 frequentius
1244 1186 1387 1262 aooidit,
1411 1202 1515 1270 quam
1534 1185 1571 1250 in
1590 1182 1726 1272 agendis
1750 1192 1839 1248 truo-

308 1301 489 1389 tmdisque
525 1302 628 1370 rebus
667 1304 875 1374 diseedentes
900 1306 1018 1376 videre
1056 1307 1214 1374 homiues
1235 1305 1278 1373 ub
1309 1305 1413 1393 ipsis,
1444 1321 1531 1388 quae
1557 1299 1623 1366 sibi
1648 1297 1839 1387 posueruut

312 1430 586 1507 agnoscuntque,
615 1422 805 1511 prineipiis.
849 1425 901 1493 Ex
929 1426 1023 1495 hisee
1050 1436 1104 1494 est
1134 1426 1231 1511 quod
1256 1426 1428 1492 declarare
1457 1421 1582 1509 gestio,
1614 1441 1726 1488 unum
1751 1421 1836 1496 hoe,

312 1539 404 1625 quod
425 1545 549 1609 ornnes
573 1545 748 1612 seo'tentur
773 1547 835 1632 qui
861 1545 1082 1633 'l'heologium
1102 1565 1183 1613 vere
1213 1553 1362 1613 tractare
1395 1543 1553 1628 eupiunt.
1598 1538 1718 1608 Diuum
1744 1539 1838 1607 enim

310 1653 351 1720 de
368 1677 446 1722 oero
463 1659 503 1723 in
520 1657 710 1754 Theologiu
731 1667 831 1731 untes
852 1663 1020 1734 esctondo.

357 1775 418 1846 Uti
442 1787 559 1846 autem
587 1783 623 1849 id
650 1787 742 1870 quod
775 1808 836 1854 vos
861 1807 979 1856 omues
1008 1783 1153 1852 habeam
1181 1789 1246 1852 hae
1263 1786 1300 1850 in
1319 1803 1420 1850 eausa
1433 1800 1572 1848 meeum
1591 1774 1838 1848 consentientes

311 1894 467 1964 animum
492 1900 588 1968 addit
615 1902 770 1981 dioenti,.
792 1904 842 1970 ita
869 1905 1111 1976 multisunt,
1142 1921 1229 1985 quae
1259 1921 1315 1964 me
1340 1897 1557 1983 perturbant.
1602 1895 1650 1962 Ne
1676 1894 1768 1962 enim
1796 1892 1838 1958 de

311 2013 475 2083 facultate
500 2037 578 2084 mea
604 2021 646 2084 et'
668 2021 765 2105 oopiu
799 2021 952 2122 dicendi,
986 2038 1091 2103 quam
1118 2017 1223 2102 probe
1250 2017 1361 2084 sentio
1393 2036 1498 2101 quam
1520 2015 1567 2082 sit
1593 2015 1733 2100 exiguo,
1753 2011 1839 2098 quid

312 2131 441 2209 diuam,
461 2135 564 2200 variis
580 2136 735 2218 primum
756 2137 901 2203 obrutus
924 2133 1068 2218 negotiis
1085 2132 1136 2196 fui
1146 2178 1157 2210 ,
1178 2133 1397 2200 distrahendo
1419 2131 1558 2198 erebus
1573 2151 1666 2196 nuno
1685 2130 1839 2215 gerendis

313 2267 420 2331 quum
450 2249 493 2314 od
521 2271 575 2315 eas
609 2251 786 2316 excitando
810 2248 1020 2334 aptioribus3
1051 2269 1157 2335 porro
1181 2271 1243 2336 por
1273 2271 1374 2317 omne
1396 2250 1466 2318 fere
1487 2253 1579 2336 quod
1601 2259 1777 2336 supererat
1797 2249 1841 2314 ud
1918 2271 1920 2274 ·

313 2357 531 2452 eogitaudum
569 2364 858 2454 seribendumque
890 2367 1022 2446 otium,
1080 2368 1277 2436 valetudiue
1308 2368 1480 2446 laborari,
1523 2389 1591 2434 uon
1630 2369 1839 2454 periculosa,

313 2491 353 2550 st·
373 2483 454 2550 s'atis
481 2491 599 2548 tamen
629 2485 723 2548 mule
748 2487 790 2550 ud
819 2485 1077 2571 deprimendam
1095 2508 1171 2554 eam
1190 2486 1316 2574 ingenii
1331 2485 1563 2584 aiacritatem,
1588 2505 1675 2570 quae
1691 2486 1734 2551 ad
1750 2483 1838 2548 beue

312 2601 494 2669 dicendum
523 2603 714 2688 requiritur
739 2625 891 2689 prorsus.
943 2603 1016 2673 Vos
1043 2605 1173 2693 igitur,
1196 2604 1267 2674 ΑΔ.
1288 2603 1375 2672 iiii!
1405 2628 1449 2672 ue
1477 2605 1680 2692 exspectetis
1700 2602 1839 2669 aurium

312 2720 470 2798 delieies,
499 2721 626 2806 quibus
658 2722 716 2787 hio
741 2724 824 2790 eatis
852 2723 995 2800 assueti,
1029 2725 1088 2790 sed
1117 2725 1309 2794 inoomtum
1326 2725 1537 2811 minimeque
1555 2725 1742 2789 fecundum
1764 2740 1839 2786 ora-

312 2852 422 2908 torem
463 2839 635 2926 patienter
676 2842 786 2923 ierte,
818 2841 892 2910 ueri
918 2849 1035 2908 autem
1064 2851 1239 2908 amentem
1270 2851 1306 2908 et
1335 2843 1484 2926 inclytae
1511 2843 1615 2929 hujus
1637 2835 1839 2907 Academiae

311 2958 567 3045 prospiciendae
587 2960 704 3028 studio
724 2961 925 3050 flagrantem
942 2958 1114 3028 benevolis
1133 2960 1275 3027 auribus
1293 2959 1418 3028 audite.

984 3212 1170 3230 m

355 3453 578 3539 Disputatum
596 3453 691 3520 omui
715 3473 798 3522 aevo
822 3453 915 3539 suit,
943 3453 1027 3541 quid
1043 3475 1161 3522 oerum
1180 3455 1248 3533 sit,
1271 3477 1290 3522 e
1310 3452 1515 3540 quibusnam
1541 3449 1748 3538 dijudicetur
1768 3467 1842 3512 eer-

313 3572 358 3635 tis
382 3571 528 3639 criteriis
548 3594 669 3640 verum
690 3573 833 3648 afalso,
856 3591 1023 3658 quaenam
1038 3594 1103 3658 pro
1124 3575 1213 3642 veris
1234 3573 1405 3660 certisque
1426 3575 1462 3638 iu
1480 3571 1670 3660 cognitione
1690 3571 1841 3634 humane

313 3684 383 3751 sint
416 3687 596 3754 habenda?
637 3671 826 3758 Generosae
851 3712 932 3758 sane
956 3703 993 3757 et
1018 3693 1159 3759 homine
1192 3694 1312 3780 dignae
1341 3690 1620 3778 disquisitiones,
1652 3682 1841 3751 dummodo

315 3801 381 3886 rite
403 3802 643 3871 instituantur.
687 3808 805 3892 Neque
827 3821 945 3876 temen
965 3810 1118 3874 dehisce
1143 3812 1326 3894 exspatiari
1345 3811 1381 3873 in
1402 3807 1518 3874 animo
1533 3803 1620 3869 mihi
1639 3811 1711 3885 est,
1735 3818 1843 3882 neque

315 3918 419 3984 etium
444 3920 681 4002 gravissimam
707 3915 863 3992 oninium
891 3925 1150 4010 quaestionum,
1183 3926 1269 4010 quid
1296 3925 1333 3989 in'
1359 3921 1545 4010 Theologia
1566 3919 1759 3988 Christiana
1780 3938 1843 4004 pro

312 4029 615 4099 veremendum
637 4035 711 4114 sit,
744 4047 807 4104 aut
829 4039 991 4105 dirimere
1018 4048 1078 4105 sut
1106 4039 1217 4105 etiam
1239 4041 1427 4127 vel¹digito
1457 4047 1608 4124 tangere.
1652 4034 1727 4105 Nou
1750 4033 1843 4102 edim

311 4133 482 4234 quodnam
512 4149 559 4217 sit
582 4171 704 4220 verum
723 4152 831 4231 illud,
855 4155 949 4241 quod
962 4157 1184 4236 sectandum,
1203 4157 1302 4224 unice
1316 4157 1517 4225 sectandum
1534 4155 1842 4242 eetin'I'heologia,

317 4271 491 4338 declarare
511 4273 610 4344 volo,
641 4274 701 4340 sed
732 4272 846 4340 missis
867 4274 982 4358 hisce,
1015 4275 1057 4340 de
1084 4273 1185 4340 unice
1213 4274 1374 4342 seotendo
1393 4296 1474 4343 vero
1492 4277 1614 4344 dieere.
1660 4273 1729 4342 Nee
1751 4276 1845 4361 quis·

315 4405 418 4471 quam
441 4398 513 4466 est,
538 4389 643 4474 quisi
661 4393 716 4458 vel
738 4400 933 4460 securatam
945 4391 1011 4458 sibi
1026 4391 1075 4458 rei
1092 4391 1204 4458 ideam
1218 4404 1470 4478 repraesentare
1486 4417 1555 4464 non
1571 4399 1684 4470 valeut
1707 4397 1842 4463 multo-

317 4525 384 4594 que
420 4501 535 4572 minus
561 4529 637 4574 eam
657 4508 771 4576 verbis
799 4510 1008 4596 exprimere,
1041 4488 1110 4576 uon
1132 4511 1260 4579 sentiet
1279 4507 1445 4598 quidnam
1472 4517 1631 4584 universe
1655 4516 1848 4584 verumsit.

317 4620 410 4708 Quid
436 4617 528 4710 quod
549 4624 631 4713 ipsis
657 4626 814 4714 gentium
833 4628 960 4717 linguis
988 4630 1055 4697 hoe
1076 4631 1137 4697 rel'
1162 4646 1233 4696 non
1258 4631 1450 4700 attendenti
1469 4634 1603 4720 saepius
1618 4633 1846 4706 „euersum

319 4735 371 4803 Aa
403 4740 492 4825 ipsas
519 4751 597 4822 res,
632 4765 720 4831 quae
746 4727 1052 4834 sunt‘eogni'tisnis
1078 4749 1249 4816 humanue'
1273 4749 1428 4838 objecta,
1463 4752 1507 4817 ed
1535 4773 1655 4820 earum
1686 4762 1845 4820 naturam

319 4839 480 4924 refertur.
499 4853 502 4861 ’
526 4844 650 4930 Tendit
664 4863 776 4933 homo'
795 4865 839 4933 ab
857 4865 930 4952 ipsu
952 4865 1102 4954 pueritia
1118 4868 1197 4936 inde
1213 4863 1327 4945 varia,
1352 4887 1417 4952 pro
1442 4867 1535 4944 varis
1550 4880 1664 4937 amate
1678 4866 1845 4960 seriisque

1587 4985 1602 5060 1
