<?xml version="1.0" encoding="UTF-8"?>
<!DOCTYPE html PUBLIC "-//W3C//DTD XHTML 1.0 Transitional//EN"
    "http://www.w3.org/TR/xhtml1/DTD/xhtml1-transitional.dtd">
<html xmlns="http://www.w3.org/1999/xhtml" xml:lang="en" lang="en">
 <head>
  <title>
</title>
<meta http-equiv="Content-Type" content="text/html;charset=utf-8" />
  <meta name='ocr-system' content='tesseract 3.04.00' />
  <meta name='ocr-capabilities' content='ocr_page ocr_carea ocr_par ocr_line ocrx_word'/>
</head>
<body>
  <div class='ocr_page' id='page_1' title='image "annalesacademic10unkngoog_0082.png"; bbox 0 0 4956 6246; ppageno 0'>
   <div class='ocr_carea' id='block_1_1' title="bbox 919 673 1828 752">
    <p class='ocr_par' dir='ltr' id='par_1_1' title="bbox 919 673 1828 752">
     <span class='ocr_line' id='line_1_1' title="bbox 919 673 1828 752; baseline 0.004 -8"><span class='ocrx_word' id='word_1_1' title='bbox 919 673 1199 752; x_wconf 78' lang='lat' dir='ltr'><strong>ORATIO.</strong></span> <span class='ocrx_word' id='word_1_2' title='bbox 1785 679 1828 748; x_wconf 79' lang='lat'>71</span> 
     </span>
    </p>
   </div>
   <div class='ocr_carea' id='block_1_2' title="bbox 299 879 1832 4876">
    <p class='ocr_par' dir='ltr' id='par_1_2' title="bbox 303 879 1832 2982">
     <span class='ocr_line' id='line_1_2' title="bbox 303 879 1826 973; baseline -0.001 -21"><span class='ocrx_word' id='word_1_3' title='bbox 303 879 492 972; x_wconf 68' lang='lat' dir='ltr'>Euangelio</span> <span class='ocrx_word' id='word_1_4' title='bbox 515 899 608 948; x_wconf 86' lang='lat' dir='ltr'>nunc</span> <span class='ocrx_word' id='word_1_5' title='bbox 626 879 786 950; x_wconf 87' lang='lat' dir='ltr'>omnibus</span> <span class='ocrx_word' id='word_1_6' title='bbox 799 882 1004 963; x_wconf 72' lang='lat' dir='ltr'>denunciat,</span> <span class='ocrx_word' id='word_1_7' title='bbox 1023 894 1064 953; x_wconf 87' lang='lat' dir='ltr'>nt</span> <span class='ocrx_word' id='word_1_8' title='bbox 1080 884 1124 952; x_wconf 89' lang='lat' dir='ltr'>ab</span> <span class='ocrx_word' id='word_1_9' title='bbox 1142 883 1305 954; x_wconf 83' lang='lat' dir='ltr'>inanibus</span> <span class='ocrx_word' id='word_1_10' title='bbox 1318 879 1495 972; x_wconf 80' lang='lat' dir='ltr'>speciebus</span> <span class='ocrx_word' id='word_1_11' title='bbox 1516 880 1773 973; x_wconf 76' lang='lat' dir='ltr'>simulacrisque</span> <span class='ocrx_word' id='word_1_12' title='bbox 1788 907 1826 956; x_wconf 77' lang='lat' dir='ltr'>ee</span> 
     </span>
     <span class='ocr_line' id='line_1_3' title="bbox 304 997 1825 1091; baseline -0.005 -13"><span class='ocrx_word' id='word_1_13' title='bbox 304 1007 507 1072; x_wconf 59' lang='lat' dir='ltr'>(finierint</span> <span class='ocrx_word' id='word_1_14' title='bbox 532 1000 576 1068; x_wconf 72' lang='lat'>⁸⁴1</span> <span class='ocrx_word' id='word_1_15' title='bbox 598 997 728 1078; x_wconf 59' lang='lat' dir='ltr'>Deum,</span> <span class='ocrx_word' id='word_1_16' title='bbox 757 1005 809 1074; x_wconf 77' lang='lat' dir='ltr'>ris</span> <span class='ocrx_word' id='word_1_17' title='bbox 833 1011 961 1081; x_wconf 67' lang='lat' dir='ltr'>zoves,</span> <span class='ocrx_word' id='word_1_18' title='bbox 990 1005 1109 1090; x_wconf 89' lang='lat' dir='ltr'>prouti</span> <span class='ocrx_word' id='word_1_19' title='bbox 1134 1015 1199 1073; x_wconf 87' lang='lat' dir='ltr'>cst.</span> <span class='ocrx_word' id='word_1_20' title='bbox 1245 1004 1322 1091; x_wconf 83' lang='lat' dir='ltr'>lpse</span> <span class='ocrx_word' id='word_1_21' title='bbox 1348 1000 1506 1070; x_wconf 89' lang='lat' dir='ltr'>Christus</span> <span class='ocrx_word' id='word_1_22' title='bbox 1530 1005 1593 1070; x_wconf 84' lang='lat' dir='ltr'>lux</span> <span class='ocrx_word' id='word_1_23' title='bbox 1616 1005 1825 1083; x_wconf 76' lang='lat' dir='ltr'>entmundi,</span> 
     </span>
     <span class='ocr_line' id='line_1_4' title="bbox 303 1117 1832 1207; baseline -0.003 -20"><span class='ocrx_word' id='word_1_24' title='bbox 303 1137 373 1206; x_wconf 81' lang='lat' dir='ltr'>que</span> <span class='ocrx_word' id='word_1_25' title='bbox 403 1139 458 1186; x_wconf 88' lang='lat' dir='ltr'>res</span> <span class='ocrx_word' id='word_1_26' title='bbox 483 1139 563 1190; x_wconf 81' lang='lat' dir='ltr'>rere</span> <span class='ocrx_word' id='word_1_27' title='bbox 583 1127 787 1203; x_wconf 87' lang='lat' dir='ltr'>cernantur,</span> <span class='ocrx_word' id='word_1_28' title='bbox 817 1141 880 1205; x_wconf 86' lang='lat' dir='ltr'>per</span> <span class='ocrx_word' id='word_1_29' title='bbox 907 1120 1022 1207; x_wconf 91' lang='lat' dir='ltr'>ipsum</span> <span class='ocrx_word' id='word_1_30' title='bbox 1045 1121 1171 1189; x_wconf 82' lang='lat' dir='ltr'>veritas</span> <span class='ocrx_word' id='word_1_31' title='bbox 1194 1132 1260 1190; x_wconf 85' lang='lat' dir='ltr'>est.</span> <span class='ocrx_word' id='word_1_32' title='bbox 1306 1119 1380 1187; x_wconf 85' lang='lat' dir='ltr'>linc</span> <span class='ocrx_word' id='word_1_33' title='bbox 1404 1127 1528 1186; x_wconf 81' lang='lat' dir='ltr'>natum</span> <span class='ocrx_word' id='word_1_34' title='bbox 1548 1139 1585 1185; x_wconf 85' lang='lat' dir='ltr'>sa</span> <span class='ocrx_word' id='word_1_35' title='bbox 1611 1117 1683 1198; x_wconf 87' lang='lat' dir='ltr'>ait,</span> <span class='ocrx_word' id='word_1_36' title='bbox 1705 1120 1774 1183; x_wconf 89' lang='lat' dir='ltr'>huc</span> <span class='ocrx_word' id='word_1_37' title='bbox 1793 1117 1832 1182; x_wconf 87' lang='lat' dir='ltr'>iu</span> 
     </span>
     <span class='ocr_line' id='line_1_5' title="bbox 305 1235 1831 1336; baseline -0.001 -31"><span class='ocrx_word' id='word_1_38' title='bbox 305 1238 477 1336; x_wconf 69' lang='lat' dir='ltr'>munium</span> <span class='ocrx_word' id='word_1_39' title='bbox 501 1239 712 1328; x_wconf 70' lang='lat' dir='ltr'>ingressum,</span> <span class='ocrx_word' id='word_1_40' title='bbox 747 1245 791 1303; x_wconf 85' lang='lat' dir='ltr'>ut</span> <span class='ocrx_word' id='word_1_41' title='bbox 817 1238 957 1306; x_wconf 81' lang='lat' dir='ltr'>veritati</span> <span class='ocrx_word' id='word_1_42' title='bbox 989 1241 1193 1330; x_wconf 75' lang='lat' dir='ltr'>suffragium</span> <span class='ocrx_word' id='word_1_43' title='bbox 1220 1238 1391 1307; x_wconf 85' lang='lat' dir='ltr'>conciliat.</span> <span class='ocrx_word' id='word_1_44' title='bbox 1435 1235 1499 1304; x_wconf 89' lang='lat' dir='ltr'>Dci</span> <span class='ocrx_word' id='word_1_45' title='bbox 1536 1255 1680 1320; x_wconf 80' lang='lat' dir='ltr'>mmen,</span> <span class='ocrx_word' id='word_1_46' title='bbox 1708 1235 1744 1300; x_wconf 89' lang='lat' dir='ltr'>id</span> <span class='ocrx_word' id='word_1_47' title='bbox 1777 1245 1831 1303; x_wconf 86' lang='lat' dir='ltr'>est</span> 
     </span>
     <span class='ocr_line' id='line_1_6' title="bbox 304 1353 1829 1446; baseline 0 -22"><span class='ocrx_word' id='word_1_48' title='bbox 304 1353 418 1424; x_wconf 82' lang='lat' dir='ltr'>ileum</span> <span class='ocrx_word' id='word_1_49' title='bbox 432 1358 544 1444; x_wconf 84' lang='lat' dir='ltr'>qualis</span> <span class='ocrx_word' id='word_1_50' title='bbox 566 1367 635 1436; x_wconf 86' lang='lat' dir='ltr'>eat,</span> <span class='ocrx_word' id='word_1_51' title='bbox 651 1354 849 1425; x_wconf 84' lang='lat' dir='ltr'>hominihus</span> <span class='ocrx_word' id='word_1_52' title='bbox 870 1360 985 1444; x_wconf 87' lang='lat' dir='ltr'>palam</span> <span class='ocrx_word' id='word_1_53' title='bbox 1011 1361 1147 1438; x_wconf 84' lang='lat' dir='ltr'>facere,</span> <span class='ocrx_word' id='word_1_54' title='bbox 1175 1363 1238 1426; x_wconf 86' lang='lat' dir='ltr'>hos</span> <span class='ocrx_word' id='word_1_55' title='bbox 1258 1367 1312 1427; x_wconf 87' lang='lat' dir='ltr'>ast</span> <span class='ocrx_word' id='word_1_56' title='bbox 1329 1353 1528 1446; x_wconf 80' lang='lat' dir='ltr'>nogotium,</span> <span class='ocrx_word' id='word_1_57' title='bbox 1551 1356 1645 1440; x_wconf 87' lang='lat' dir='ltr'>quod</span> <span class='ocrx_word' id='word_1_58' title='bbox 1661 1353 1829 1443; x_wconf 71' lang='lat' dir='ltr'>peregisse</span> 
     </span>
     <span class='ocr_line' id='line_1_7' title="bbox 304 1471 1831 1562; baseline -0.005 -15"><span class='ocrx_word' id='word_1_59' title='bbox 304 1497 342 1547; x_wconf 85' lang='lat' dir='ltr'>ss</span> <span class='ocrx_word' id='word_1_60' title='bbox 369 1475 481 1555; x_wconf 84' lang='lat' dir='ltr'>dicit,</span> <span class='ocrx_word' id='word_1_61' title='bbox 503 1486 545 1545; x_wconf 87' lang='lat' dir='ltr'>ut</span> <span class='ocrx_word' id='word_1_62' title='bbox 570 1478 621 1546; x_wconf 87' lang='lat' dir='ltr'>sio</span> <span class='ocrx_word' id='word_1_63' title='bbox 652 1471 808 1542; x_wconf 86' lang='lat' dir='ltr'>homines</span> <span class='ocrx_word' id='word_1_64' title='bbox 834 1476 983 1546; x_wconf 86' lang='lat' dir='ltr'>habeant</span> <span class='ocrx_word' id='word_1_65' title='bbox 1010 1479 1119 1546; x_wconf 82' lang='lat' dir='ltr'>ritem</span> <span class='ocrx_word' id='word_1_66' title='bbox 1148 1488 1324 1547; x_wconf 81' lang='lat' dir='ltr'>aeternam</span> <span class='ocrx_word' id='word_1_67' title='bbox 1351 1477 1389 1542; x_wconf 90' lang='lat' dir='ltr'>in</span> <span class='ocrx_word' id='word_1_68' title='bbox 1419 1495 1478 1558; x_wconf 86' lang='lat' dir='ltr'>eo,</span> <span class='ocrx_word' id='word_1_69' title='bbox 1509 1477 1602 1560; x_wconf 87' lang='lat' dir='ltr'>quod</span> <span class='ocrx_word' id='word_1_70' title='bbox 1627 1483 1831 1562; x_wconf 80' lang='lat' dir='ltr'>cognoscant</span> 
     </span>
     <span class='ocr_line' id='line_1_8' title="bbox 304 1581 1831 1684; baseline -0.003 -20"><span class='ocrx_word' id='word_1_71' title='bbox 304 1594 416 1664; x_wconf 73' lang='lat' dir='ltr'>naum</span> <span class='ocrx_word' id='word_1_72' title='bbox 431 1641 442 1674; x_wconf 91' lang='lat'>,</span> <span class='ocrx_word' id='word_1_73' title='bbox 458 1599 511 1668; x_wconf 82' lang='lat' dir='ltr'>ris</span> <span class='ocrx_word' id='word_1_74' title='bbox 531 1581 706 1678; x_wconf 62' lang='lat' dir='ltr'>’miluom</span> <span class='ocrx_word' id='word_1_75' title='bbox 728 1616 789 1680; x_wconf 89' lang='lat' dir='ltr'>psr</span> <span class='ocrx_word' id='word_1_76' title='bbox 808 1593 927 1663; x_wconf 75' lang='lat' dir='ltr'>lesum</span> <span class='ocrx_word' id='word_1_77' title='bbox 948 1596 1148 1677; x_wconf 75' lang='lat' dir='ltr'>Christum,</span> <span class='ocrx_word' id='word_1_78' title='bbox 1171 1619 1275 1684; x_wconf 85' lang='lat' dir='ltr'>quem</span> <span class='ocrx_word' id='word_1_79' title='bbox 1291 1597 1397 1664; x_wconf 89' lang='lat' dir='ltr'>misit.</span> <span class='ocrx_word' id='word_1_80' title='bbox 1443 1595 1508 1663; x_wconf 89' lang='lat' dir='ltr'>llla</span> <span class='ocrx_word' id='word_1_81' title='bbox 1525 1606 1582 1663; x_wconf 87' lang='lat' dir='ltr'>est</span> <span class='ocrx_word' id='word_1_82' title='bbox 1597 1595 1673 1674; x_wconf 86' lang='lat' dir='ltr'>ria,</span> <span class='ocrx_word' id='word_1_83' title='bbox 1700 1615 1768 1680; x_wconf 88' lang='lat' dir='ltr'>qua</span> <span class='ocrx_word' id='word_1_84' title='bbox 1787 1594 1831 1660; x_wconf 87' lang='lat' dir='ltr'>ad</span> 
     </span>
     <span class='ocr_line' id='line_1_9' title="bbox 304 1709 1830 1804; baseline 0.001 -26"><span class='ocrx_word' id='word_1_85' title='bbox 304 1709 441 1781; x_wconf 82' lang='lat' dir='ltr'>Patrem</span> <span class='ocrx_word' id='word_1_86' title='bbox 465 1715 652 1780; x_wconf 80' lang='lat' dir='ltr'>coelestem</span> <span class='ocrx_word' id='word_1_87' title='bbox 676 1713 831 1782; x_wconf 80' lang='lat' dir='ltr'>homines</span> <span class='ocrx_word' id='word_1_88' title='bbox 856 1715 956 1782; x_wconf 89' lang='lat' dir='ltr'>unice</span> <span class='ocrx_word' id='word_1_89' title='bbox 974 1716 1194 1802; x_wconf 72' lang='lat' dir='ltr'>perveniunt,</span> <span class='ocrx_word' id='word_1_90' title='bbox 1228 1719 1290 1784; x_wconf 89' lang='lat' dir='ltr'>sed</span> <span class='ocrx_word' id='word_1_91' title='bbox 1317 1719 1403 1784; x_wconf 86' lang='lat' dir='ltr'>haec</span> <span class='ocrx_word' id='word_1_92' title='bbox 1426 1727 1498 1795; x_wconf 82' lang='lat' dir='ltr'>est,</span> <span class='ocrx_word' id='word_1_93' title='bbox 1531 1717 1612 1804; x_wconf 87' lang='lat' dir='ltr'>quia</span> <span class='ocrx_word' id='word_1_94' title='bbox 1641 1715 1715 1802; x_wconf 86' lang='lat' dir='ltr'>ipsa</span> <span class='ocrx_word' id='word_1_95' title='bbox 1743 1715 1830 1782; x_wconf 82' lang='lat' dir='ltr'>veri·</span> 
     </span>
     <span class='ocr_line' id='line_1_10' title="bbox 308 1827 1830 1921; baseline -0.001 -18"><span class='ocrx_word' id='word_1_96' title='bbox 308 1840 374 1903; x_wconf 81' lang='lat' dir='ltr'>tas·</span> <span class='ocrx_word' id='word_1_97' title='bbox 417 1828 658 1918; x_wconf 80' lang='lat' dir='ltr'>Quaecumque</span> <span class='ocrx_word' id='word_1_98' title='bbox 691 1831 777 1902; x_wconf 86' lang='lat' dir='ltr'>dicit</span> <span class='ocrx_word' id='word_1_99' title='bbox 806 1835 889 1900; x_wconf 87' lang='lat' dir='ltr'>haec</span> <span class='ocrx_word' id='word_1_100' title='bbox 916 1834 1033 1901; x_wconf 90' lang='lat' dir='ltr'>omnia</span> <span class='ocrx_word' id='word_1_101' title='bbox 1058 1837 1243 1902; x_wconf 82' lang='lat' dir='ltr'>adrerum</span> <span class='ocrx_word' id='word_1_102' title='bbox 1266 1834 1386 1902; x_wconf 80' lang='lat' dir='ltr'>refert.</span> <span class='ocrx_word' id='word_1_103' title='bbox 1431 1832 1588 1921; x_wconf 75' lang='lat' dir='ltr'>Spiritus</span> <span class='ocrx_word' id='word_1_104' title='bbox 1608 1834 1689 1914; x_wconf 86' lang='lat' dir='ltr'>illa,</span> <span class='ocrx_word' id='word_1_105' title='bbox 1715 1827 1830 1919; x_wconf 87' lang='lat' dir='ltr'>quiin</span> 
     </span>
     <span class='ocr_line' id='line_1_11' title="bbox 305 1947 1830 2038; baseline 0.001 -20"><span class='ocrx_word' id='word_1_106' title='bbox 305 1947 446 2018; x_wconf 81' lang='lat' dir='ltr'>Glaristo</span> <span class='ocrx_word' id='word_1_107' title='bbox 475 1959 572 2030; x_wconf 86' lang='lat' dir='ltr'>erat,</span> <span class='ocrx_word' id='word_1_108' title='bbox 596 1971 770 2038; x_wconf 84' lang='lat' dir='ltr'>quemque</span> <span class='ocrx_word' id='word_1_109' title='bbox 794 1955 865 2019; x_wconf 88' lang='lat' dir='ltr'>suis</span> <span class='ocrx_word' id='word_1_110' title='bbox 887 1953 1054 2038; x_wconf 84' lang='lat' dir='ltr'>largitur,</span> <span class='ocrx_word' id='word_1_111' title='bbox 1087 1961 1129 2019; x_wconf 89' lang='lat' dir='ltr'>ut</span> <span class='ocrx_word' id='word_1_112' title='bbox 1143 1973 1223 2020; x_wconf 83' lang='lat' dir='ltr'>vere</span> <span class='ocrx_word' id='word_1_113' title='bbox 1241 1954 1378 2031; x_wconf 80' lang='lat' dir='ltr'>vivant,</span> <span class='ocrx_word' id='word_1_114' title='bbox 1402 1963 1454 2020; x_wconf 84' lang='lat' dir='ltr'>est</span> <span class='ocrx_word' id='word_1_115' title='bbox 1471 1951 1630 2038; x_wconf 76' lang='lat' dir='ltr'>Spiritus</span> <span class='ocrx_word' id='word_1_116' title='bbox 1646 1953 1830 2032; x_wconf 71' lang='lat' dir='ltr'>veritatis,</span> 
     </span>
     <span class='ocr_line' id='line_1_12' title="bbox 305 2067 1830 2155; baseline 0.005 -23"><span class='ocrx_word' id='word_1_117' title='bbox 305 2067 366 2152; x_wconf 79' lang='lat' dir='ltr'>qni</span> <span class='ocrx_word' id='word_1_118' title='bbox 392 2067 430 2132; x_wconf 91' lang='lat' dir='ltr'>in</span> <span class='ocrx_word' id='word_1_119' title='bbox 451 2087 556 2133; x_wconf 88' lang='lat' dir='ltr'>omne</span> <span class='ocrx_word' id='word_1_120' title='bbox 585 2068 678 2150; x_wconf 78' lang='lat' dir='ltr'>qaod</span> <span class='ocrx_word' id='word_1_121' title='bbox 702 2087 823 2136; x_wconf 78' lang='lat' dir='ltr'>verm</span> <span class='ocrx_word' id='word_1_122' title='bbox 842 2079 894 2136; x_wconf 86' lang='lat' dir='ltr'>est</span> <span class='ocrx_word' id='word_1_123' title='bbox 919 2067 1028 2134; x_wconf 86' lang='lat' dir='ltr'>ducit.</span> <span class='ocrx_word' id='word_1_124' title='bbox 1071 2067 1127 2132; x_wconf 80' lang='lat' dir='ltr'>Nil</span> <span class='ocrx_word' id='word_1_125' title='bbox 1152 2067 1285 2152; x_wconf 84' lang='lat' dir='ltr'>carius,</span> <span class='ocrx_word' id='word_1_126' title='bbox 1310 2069 1360 2136; x_wconf 89' lang='lat' dir='ltr'>nil</span> <span class='ocrx_word' id='word_1_127' title='bbox 1383 2071 1558 2154; x_wconf 85' lang='lat' dir='ltr'>antiquius</span> <span class='ocrx_word' id='word_1_128' title='bbox 1577 2070 1700 2148; x_wconf 84' lang='lat' dir='ltr'>habet,</span> <span class='ocrx_word' id='word_1_129' title='bbox 1724 2091 1830 2155; x_wconf 80' lang='lat' dir='ltr'>quam</span> 
     </span>
     <span class='ocr_line' id='line_1_13' title="bbox 304 2179 1830 2271; baseline -0.001 -15"><span class='ocrx_word' id='word_1_130' title='bbox 304 2187 360 2257; x_wconf 82' lang='lat' dir='ltr'>stri</span> <span class='ocrx_word' id='word_1_131' title='bbox 384 2184 456 2252; x_wconf 88' lang='lat' dir='ltr'>sint</span> <span class='ocrx_word' id='word_1_132' title='bbox 484 2183 619 2250; x_wconf 83' lang='lat' dir='ltr'>divinae</span> <span class='ocrx_word' id='word_1_133' title='bbox 654 2184 791 2249; x_wconf 66' lang='lat' dir='ltr'>vainei</span> <span class='ocrx_word' id='word_1_134' title='bbox 823 2184 1021 2249; x_wconf 84' lang='lat' dir='ltr'>consecrati.</span> <span class='ocrx_word' id='word_1_135' title='bbox 1066 2179 1158 2271; x_wconf 82' lang='lat' dir='ltr'>Quid</span> <span class='ocrx_word' id='word_1_136' title='bbox 1191 2187 1283 2271; x_wconf 87' lang='lat' dir='ltr'>quod</span> <span class='ocrx_word' id='word_1_137' title='bbox 1317 2207 1438 2254; x_wconf 81' lang='lat' dir='ltr'>rerum</span> <span class='ocrx_word' id='word_1_138' title='bbox 1466 2205 1535 2252; x_wconf 89' lang='lat' dir='ltr'>non</span> <span class='ocrx_word' id='word_1_139' title='bbox 1564 2189 1671 2268; x_wconf 82' lang='lat' dir='ltr'>velle,</span> <span class='ocrx_word' id='word_1_140' title='bbox 1708 2205 1830 2255; x_wconf 82' lang='lat' dir='ltr'>varum</span> 
     </span>
     <span class='ocr_line' id='line_1_14' title="bbox 303 2297 1829 2396; baseline 0 -22"><span class='ocrx_word' id='word_1_141' title='bbox 303 2305 478 2377; x_wconf 68' lang='lat' dir='ltr'>sumere,</span> <span class='ocrx_word' id='word_1_142' title='bbox 493 2301 537 2364; x_wconf 88' lang='lat' dir='ltr'>sd</span> <span class='ocrx_word' id='word_1_143' title='bbox 545 2297 681 2364; x_wconf 82' lang='lat' dir='ltr'>Diaboli</span> <span class='ocrx_word' id='word_1_144' title='bbox 693 2307 858 2365; x_wconf 68' lang='lat' dir='ltr'>nuruum</span> <span class='ocrx_word' id='word_1_145' title='bbox 868 2301 1000 2379; x_wconf 81' lang='lat' dir='ltr'>refert,</span> <span class='ocrx_word' id='word_1_146' title='bbox 1020 2309 1135 2388; x_wconf 64' lang='lat' dir='ltr'>atqua</span> <span class='ocrx_word' id='word_1_147' title='bbox 1146 2304 1209 2370; x_wconf 84' lang='lat' dir='ltr'>laos</span> <span class='ocrx_word' id='word_1_148' title='bbox 1225 2305 1365 2372; x_wconf 85' lang='lat' dir='ltr'>demum</span> <span class='ocrx_word' id='word_1_149' title='bbox 1383 2327 1461 2372; x_wconf 89' lang='lat' dir='ltr'>suos</span> <span class='ocrx_word' id='word_1_150' title='bbox 1478 2325 1637 2392; x_wconf 72' lang='lat' dir='ltr'>sequaces</span> <span class='ocrx_word' id='word_1_151' title='bbox 1662 2307 1829 2396; x_wconf 79' lang='lat' dir='ltr'>agnoscit,</span> 
     </span>
     <span class='ocr_line' id='line_1_15' title="bbox 304 2414 1830 2510; baseline 0.003 -24"><span class='ocrx_word' id='word_1_152' title='bbox 304 2422 367 2510; x_wconf 84' lang='lat' dir='ltr'>qni</span> <span class='ocrx_word' id='word_1_153' title='bbox 386 2419 500 2487; x_wconf 85' lang='lat' dir='ltr'>indole</span> <span class='ocrx_word' id='word_1_154' title='bbox 521 2426 603 2484; x_wconf 90' lang='lat' dir='ltr'>sunt</span> <span class='ocrx_word' id='word_1_155' title='bbox 620 2419 799 2484; x_wconf 83' lang='lat' dir='ltr'>adrerum</span> <span class='ocrx_word' id='word_1_156' title='bbox 823 2414 1006 2485; x_wconf 76' lang='lat' dir='ltr'>conversa?</span> <span class='ocrx_word' id='word_1_157' title='bbox 1031 2415 1100 2486; x_wconf 76' lang='lat' dir='ltr'>Sed</span> <span class='ocrx_word' id='word_1_158' title='bbox 1116 2421 1201 2506; x_wconf 86' lang='lat' dir='ltr'>quid</span> <span class='ocrx_word' id='word_1_159' title='bbox 1212 2421 1337 2507; x_wconf 77' lang='lat' dir='ltr'>plura?</span> <span class='ocrx_word' id='word_1_160' title='bbox 1366 2419 1544 2493; x_wconf 85' lang='lat' dir='ltr'>Sufficiant</span> <span class='ocrx_word' id='word_1_161' title='bbox 1558 2427 1656 2494; x_wconf 87' lang='lat' dir='ltr'>nohis</span> <span class='ocrx_word' id='word_1_162' title='bbox 1673 2429 1756 2493; x_wconf 82' lang='lat' dir='ltr'>haec·</span> <span class='ocrx_word' id='word_1_163' title='bbox 1777 2447 1830 2504; x_wconf 88' lang='lat' dir='ltr'>,ex</span> 
     </span>
     <span class='ocr_line' id='line_1_16' title="bbox 304 2535 1830 2630; baseline 0.005 -24"><span class='ocrx_word' id='word_1_164' title='bbox 304 2535 413 2628; x_wconf 85' lang='lat' dir='ltr'>ipsius</span> <span class='ocrx_word' id='word_1_165' title='bbox 423 2535 522 2614; x_wconf 81' lang='lat' dir='ltr'>lesu,</span> <span class='ocrx_word' id='word_1_166' title='bbox 537 2535 629 2601; x_wconf 91' lang='lat' dir='ltr'>unici</span> <span class='ocrx_word' id='word_1_167' title='bbox 647 2536 798 2604; x_wconf 86' lang='lat' dir='ltr'>doctoris</span> <span class='ocrx_word' id='word_1_168' title='bbox 814 2547 850 2604; x_wconf 86' lang='lat' dir='ltr'>et</span> <span class='ocrx_word' id='word_1_169' title='bbox 866 2537 1046 2626; x_wconf 72' lang='lat' dir='ltr'>magistri,</span> <span class='ocrx_word' id='word_1_170' title='bbox 1068 2559 1127 2607; x_wconf 89' lang='lat' dir='ltr'>ore</span> <span class='ocrx_word' id='word_1_171' title='bbox 1146 2542 1288 2620; x_wconf 87' lang='lat' dir='ltr'>hausta,</span> <span class='ocrx_word' id='word_1_172' title='bbox 1314 2554 1355 2612; x_wconf 91' lang='lat' dir='ltr'>ut</span> <span class='ocrx_word' id='word_1_173' title='bbox 1369 2556 1552 2630; x_wconf 75' lang='lat' dir='ltr'>agnoscant</span> <span class='ocrx_word' id='word_1_174' title='bbox 1568 2568 1702 2624; x_wconf 87' lang='lat' dir='ltr'>omnes,</span> <span class='ocrx_word' id='word_1_175' title='bbox 1720 2555 1830 2613; x_wconf 87' lang='lat' dir='ltr'>totam</span> 
     </span>
     <span class='ocr_line' id='line_1_17' title="bbox 303 2655 1829 2750; baseline 0 -22"><span class='ocrx_word' id='word_1_176' title='bbox 303 2657 477 2749; x_wconf 74' lang='lat' dir='ltr'>religionis</span> <span class='ocrx_word' id='word_1_177' title='bbox 502 2655 715 2725; x_wconf 84' lang='lat' dir='ltr'>Christianae</span> <span class='ocrx_word' id='word_1_178' title='bbox 742 2656 909 2724; x_wconf 86' lang='lat' dir='ltr'>rationem</span> <span class='ocrx_word' id='word_1_179' title='bbox 931 2661 974 2724; x_wconf 87' lang='lat' dir='ltr'>sd</span> <span class='ocrx_word' id='word_1_180' title='bbox 1004 2679 1126 2726; x_wconf 79' lang='lat' dir='ltr'>verum</span> <span class='ocrx_word' id='word_1_181' title='bbox 1148 2661 1249 2727; x_wconf 89' lang='lat' dir='ltr'>unice</span> <span class='ocrx_word' id='word_1_182' title='bbox 1274 2683 1346 2728; x_wconf 86' lang='lat' dir='ltr'>esse</span> <span class='ocrx_word' id='word_1_183' title='bbox 1369 2666 1533 2742; x_wconf 75' lang='lat' dir='ltr'><strong>relatam,</strong></span> <span class='ocrx_word' id='word_1_184' title='bbox 1560 2667 1708 2750; x_wconf 84' lang='lat' dir='ltr'>adeoque</span> <span class='ocrx_word' id='word_1_185' title='bbox 1733 2665 1829 2731; x_wconf 91' lang='lat' dir='ltr'>etin</span> 
     </span>
     <span class='ocr_line' id='line_1_18' title="bbox 304 2771 1829 2871; baseline 0.002 -27"><span class='ocrx_word' id='word_1_186' title='bbox 304 2774 489 2864; x_wconf 79' lang='lat' dir='ltr'>¹Ilreologin</span> <span class='ocrx_word' id='word_1_187' title='bbox 512 2784 653 2852; x_wconf 83' lang='lat' dir='ltr'>nostra,</span> <span class='ocrx_word' id='word_1_188' title='bbox 678 2771 806 2859; x_wconf 85' lang='lat' dir='ltr'>qnippe</span> <span class='ocrx_word' id='word_1_189' title='bbox 828 2777 870 2841; x_wconf 86' lang='lat' dir='ltr'>ad</span> <span class='ocrx_word' id='word_1_190' title='bbox 886 2778 975 2843; x_wconf 84' lang='lat' dir='ltr'>hanc</span> <span class='ocrx_word' id='word_1_191' title='bbox 990 2777 1192 2865; x_wconf 78' lang='lat' dir='ltr'>religionem</span> <span class='ocrx_word' id='word_1_192' title='bbox 1210 2777 1432 2863; x_wconf 86' lang='lat' dir='ltr'>pertinente,</span> <span class='ocrx_word' id='word_1_193' title='bbox 1457 2793 1560 2871; x_wconf 89' lang='lat' dir='ltr'>atque</span> <span class='ocrx_word' id='word_1_194' title='bbox 1588 2781 1687 2861; x_wconf 89' lang='lat' dir='ltr'>inde,</span> <span class='ocrx_word' id='word_1_195' title='bbox 1716 2783 1745 2848; x_wconf 89' lang='lat' dir='ltr'>si</span> <span class='ocrx_word' id='word_1_196' title='bbox 1760 2781 1829 2848; x_wconf 87' lang='lat' dir='ltr'>rite</span> 
     </span>
     <span class='ocr_line' id='line_1_19' title="bbox 303 2891 1827 2982; baseline 0.001 -20"><span class='ocrx_word' id='word_1_197' title='bbox 303 2894 495 2971; x_wconf 55' lang='lat' dir='ltr'>senseat,</span> <span class='ocrx_word' id='word_1_198' title='bbox 514 2891 686 2980; x_wconf 69' lang='lat' dir='ltr'>originem¹</span> <span class='ocrx_word' id='word_1_199' title='bbox 699 2913 797 2958; x_wconf 86' lang='lat' dir='ltr'>suam</span> <span class='ocrx_word' id='word_1_200' title='bbox 821 2905 857 2962; x_wconf 86' lang='lat' dir='ltr'>et</span> <span class='ocrx_word' id='word_1_201' title='bbox 873 2905 1034 2964; x_wconf 84' lang='lat' dir='ltr'>naturam</span> <span class='ocrx_word' id='word_1_202' title='bbox 1048 2907 1247 2982; x_wconf 82' lang='lat' dir='ltr'>repetente,</span> <span class='ocrx_word' id='word_1_203' title='bbox 1269 2917 1390 2965; x_wconf 80' lang='lat' dir='ltr'>rerum</span> <span class='ocrx_word' id='word_1_204' title='bbox 1406 2900 1506 2967; x_wconf 85' lang='lat' dir='ltr'>unice</span> <span class='ocrx_word' id='word_1_205' title='bbox 1525 2921 1598 2966; x_wconf 86' lang='lat' dir='ltr'>esse</span> <span class='ocrx_word' id='word_1_206' title='bbox 1616 2901 1827 2966; x_wconf 86' lang='lat' dir='ltr'>sectandum.</span> 
     </span>
    </p>

    <p class='ocr_par' dir='ltr' id='par_1_3' title="bbox 299 3010 1830 4876">
     <span class='ocr_line' id='line_1_20' title="bbox 347 3010 1829 3102; baseline -0.001 -20"><span class='ocrx_word' id='word_1_207' title='bbox 347 3013 398 3082; x_wconf 79' lang='lat' dir='ltr'>At</span> <span class='ocrx_word' id='word_1_208' title='bbox 410 3015 586 3100; x_wconf 83' lang='lat' dir='ltr'>insurgere</span> <span class='ocrx_word' id='word_1_209' title='bbox 603 3010 640 3078; x_wconf 92' lang='lat' dir='ltr'>in</span> <span class='ocrx_word' id='word_1_210' title='bbox 656 3031 713 3079; x_wconf 86' lang='lat' dir='ltr'>mc</span> <span class='ocrx_word' id='word_1_211' title='bbox 729 3013 779 3080; x_wconf 90' lang='lat' dir='ltr'>ita</span> <span class='ocrx_word' id='word_1_212' title='bbox 798 3016 1085 3100; x_wconf 71' lang='lat' dir='ltr'>pronunciantem</span> <span class='ocrx_word' id='word_1_213' title='bbox 1106 3015 1268 3083; x_wconf 85' lang='lat' dir='ltr'>ridentur</span> <span class='ocrx_word' id='word_1_214' title='bbox 1296 3014 1383 3079; x_wconf 85' lang='lat' dir='ltr'>milri</span> <span class='ocrx_word' id='word_1_215' title='bbox 1406 3035 1476 3084; x_wconf 89' lang='lat' dir='ltr'>non</span> <span class='ocrx_word' id='word_1_216' title='bbox 1502 3017 1528 3082; x_wconf 92' lang='lat' dir='ltr'>ii</span> <span class='ocrx_word' id='word_1_217' title='bbox 1546 3025 1704 3094; x_wconf 88' lang='lat' dir='ltr'>tantum,</span> <span class='ocrx_word' id='word_1_218' title='bbox 1729 3017 1789 3102; x_wconf 90' lang='lat' dir='ltr'>qui</span> <span class='ocrx_word' id='word_1_219' title='bbox 1810 3036 1829 3080; x_wconf 89' lang='lat' dir='ltr'>a</span> 
     </span>
     <span class='ocr_line' id='line_1_21' title="bbox 303 3131 1829 3224; baseline -0.004 -24"><span class='ocrx_word' id='word_1_220' title='bbox 303 3151 385 3200; x_wconf 81' lang='lat' dir='ltr'>raro</span> <span class='ocrx_word' id='word_1_221' title='bbox 400 3131 438 3198; x_wconf 89' lang='lat' dir='ltr'>in</span> <span class='ocrx_word' id='word_1_222' title='bbox 453 3133 639 3220; x_wconf 67' lang='lat' dir='ltr'>theologis</span> <span class='ocrx_word' id='word_1_223' title='bbox 655 3135 817 3201; x_wconf 86' lang='lat' dir='ltr'>sectando</span> <span class='ocrx_word' id='word_1_224' title='bbox 836 3136 946 3224; x_wconf 88' lang='lat' dir='ltr'>magis</span> <span class='ocrx_word' id='word_1_225' title='bbox 966 3133 1124 3204; x_wconf 84' lang='lat' dir='ltr'>minusve</span> <span class='ocrx_word' id='word_1_226' title='bbox 1142 3134 1246 3202; x_wconf 87' lang='lat' dir='ltr'>alieni</span> <span class='ocrx_word' id='word_1_227' title='bbox 1264 3143 1369 3214; x_wconf 87' lang='lat' dir='ltr'>sunt,</span> <span class='ocrx_word' id='word_1_228' title='bbox 1389 3143 1425 3202; x_wconf 84' lang='lat' dir='ltr'>et</span> <span class='ocrx_word' id='word_1_229' title='bbox 1441 3133 1517 3199; x_wconf 83' lang='lat' dir='ltr'>aliis</span> <span class='ocrx_word' id='word_1_230' title='bbox 1537 3132 1662 3200; x_wconf 89' lang='lat' dir='ltr'>studiis</span> <span class='ocrx_word' id='word_1_231' title='bbox 1681 3153 1717 3198; x_wconf 85' lang='lat' dir='ltr'>se</span> <span class='ocrx_word' id='word_1_232' title='bbox 1736 3131 1829 3197; x_wconf 87' lang='lat' dir='ltr'>trahi</span> 
     </span>
     <span class='ocr_line' id='line_1_22' title="bbox 303 3247 1829 3343; baseline -0.001 -27"><span class='ocrx_word' id='word_1_233' title='bbox 303 3251 504 3336; x_wconf 80' lang='lat' dir='ltr'>patiuntur,</span> <span class='ocrx_word' id='word_1_234' title='bbox 538 3271 660 3318; x_wconf 78' lang='lat' dir='ltr'>rarum</span> <span class='ocrx_word' id='word_1_235' title='bbox 690 3261 727 3320; x_wconf 87' lang='lat' dir='ltr'>st</span> <span class='ocrx_word' id='word_1_236' title='bbox 743 3255 911 3340; x_wconf 56' lang='lat' dir='ltr'>&#39;marcai</span> <span class='ocrx_word' id='word_1_237' title='bbox 943 3253 1015 3332; x_wconf 90' lang='lat' dir='ltr'>illi,</span> <span class='ocrx_word' id='word_1_238' title='bbox 1056 3254 1115 3339; x_wconf 89' lang='lat' dir='ltr'>qui</span> <span class='ocrx_word' id='word_1_239' title='bbox 1157 3253 1332 3343; x_wconf 79' lang='lat' dir='ltr'>religionis</span> <span class='ocrx_word' id='word_1_240' title='bbox 1372 3255 1522 3338; x_wconf 81' lang='lat' dir='ltr'>adeoquo</span> <span class='ocrx_word' id='word_1_241' title='bbox 1554 3261 1590 3320; x_wconf 84' lang='lat' dir='ltr'>et</span> <span class='ocrx_word' id='word_1_242' title='bbox 1625 3247 1829 3337; x_wconf 83' lang='lat' dir='ltr'>Theologiaa</span> 
     </span>
     <span class='ocr_line' id='line_1_23' title="bbox 302 3361 1829 3458; baseline -0.001 -24"><span class='ocrx_word' id='word_1_243' title='bbox 302 3361 515 3436; x_wconf 78' lang='lat' dir='ltr'>Christiams</span> <span class='ocrx_word' id='word_1_244' title='bbox 532 3367 686 3436; x_wconf 82' lang='lat' dir='ltr'>indolem</span> <span class='ocrx_word' id='word_1_245' title='bbox 701 3381 737 3438; x_wconf 87' lang='lat' dir='ltr'>st</span> <span class='ocrx_word' id='word_1_246' title='bbox 755 3373 925 3441; x_wconf 90' lang='lat' dir='ltr'>rationem</span> <span class='ocrx_word' id='word_1_247' title='bbox 944 3373 1076 3458; x_wconf 87' lang='lat' dir='ltr'>optime</span> <span class='ocrx_word' id='word_1_248' title='bbox 1094 3381 1216 3441; x_wconf 87' lang='lat' dir='ltr'>tenent</span> <span class='ocrx_word' id='word_1_249' title='bbox 1240 3381 1470 3458; x_wconf 85' lang='lat' dir='ltr'>tuenturque,</span> <span class='ocrx_word' id='word_1_250' title='bbox 1497 3390 1618 3438; x_wconf 80' lang='lat' dir='ltr'>rerum</span> <span class='ocrx_word' id='word_1_251' title='bbox 1633 3365 1829 3434; x_wconf 77' lang='lat' dir='ltr'>sectandum</span> 
     </span>
     <span class='ocr_line' id='line_1_24' title="bbox 303 3465 1830 3578; baseline 0.01 -28"><span class='ocrx_word' id='word_1_252' title='bbox 303 3501 382 3550; x_wconf 79' lang='lat' dir='ltr'>esse</span> <span class='ocrx_word' id='word_1_253' title='bbox 397 3483 435 3552; x_wconf 90' lang='lat' dir='ltr'>in</span> <span class='ocrx_word' id='word_1_254' title='bbox 456 3484 644 3574; x_wconf 77' lang='lat' dir='ltr'>Theologia</span> <span class='ocrx_word' id='word_1_255' title='bbox 667 3494 748 3558; x_wconf 84' lang='lat' dir='ltr'>toto·</span> <span class='ocrx_word' id='word_1_256' title='bbox 762 3491 877 3558; x_wconf 88' lang='lat' dir='ltr'>animo</span> <span class='ocrx_word' id='word_1_257' title='bbox 902 3509 1040 3558; x_wconf 87' lang='lat' dir='ltr'>mecum</span> <span class='ocrx_word' id='word_1_258' title='bbox 1065 3491 1287 3575; x_wconf 84' lang='lat' dir='ltr'>confitentes,</span> <span class='ocrx_word' id='word_1_259' title='bbox 1311 3465 1409 3578; x_wconf 78' lang='lat' dir='ltr'>aegra</span> <span class='ocrx_word' id='word_1_260' title='bbox 1431 3507 1513 3554; x_wconf 80' lang='lat' dir='ltr'>vero</span> <span class='ocrx_word' id='word_1_261' title='bbox 1541 3488 1712 3563; x_wconf 67' lang='lat' dir='ltr'>serentes.</span> <span class='ocrx_word' id='word_1_262' title='bbox 1737 3485 1830 3568; x_wconf 84' lang='lat' dir='ltr'>quod</span> 
     </span>
     <span class='ocr_line' id='line_1_25' title="bbox 305 3601 1830 3695; baseline -0.003 -27"><span class='ocrx_word' id='word_1_263' title='bbox 305 3601 372 3668; x_wconf 84' lang='lat' dir='ltr'>hec</span> <span class='ocrx_word' id='word_1_264' title='bbox 394 3604 495 3670; x_wconf 61' lang='lat' dir='ltr'>sake</span> <span class='ocrx_word' id='word_1_265' title='bbox 521 3608 723 3674; x_wconf 68' lang='lat' dir='ltr'>secundum</span> <span class='ocrx_word' id='word_1_266' title='bbox 751 3610 990 3695; x_wconf 86' lang='lat' dir='ltr'>pronunciem.</span> <span class='ocrx_word' id='word_1_267' title='bbox 1033 3606 1165 3675; x_wconf 79' lang='lat' dir='ltr'>Natura</span> <span class='ocrx_word' id='word_1_268' title='bbox 1191 3629 1277 3686; x_wconf 84' lang='lat' dir='ltr'>sua,</span> <span class='ocrx_word' id='word_1_269' title='bbox 1313 3607 1363 3674; x_wconf 89' lang='lat' dir='ltr'>sic</span> <span class='ocrx_word' id='word_1_270' title='bbox 1394 3605 1574 3690; x_wconf 84' lang='lat' dir='ltr'>inquiunt,</span> <span class='ocrx_word' id='word_1_271' title='bbox 1602 3605 1645 3668; x_wconf 89' lang='lat' dir='ltr'>ad</span> <span class='ocrx_word' id='word_1_272' title='bbox 1672 3601 1830 3666; x_wconf 84' lang='lat' dir='ltr'>animum</span> 
     </span>
     <span class='ocr_line' id='line_1_26' title="bbox 303 3703 1829 3814; baseline -0.003 -28"><span class='ocrx_word' id='word_1_273' title='bbox 303 3720 413 3809; x_wconf 65' lang='lat' dir='ltr'>magis</span> <span class='ocrx_word' id='word_1_274' title='bbox 437 3727 613 3806; x_wconf 78' lang='lat' dir='ltr'>quemad</span> <span class='ocrx_word' id='word_1_275' title='bbox 642 3703 796 3794; x_wconf 76' lang='lat' dir='ltr'>mantem</span> <span class='ocrx_word' id='word_1_276' title='bbox 826 3728 949 3814; x_wconf 79' lang='lat' dir='ltr'>religio</span> <span class='ocrx_word' id='word_1_277' title='bbox 981 3727 1150 3812; x_wconf 61' lang='lat' dir='ltr'>pertinen</span> <span class='ocrx_word' id='word_1_278' title='bbox 1180 3747 1293 3811; x_wconf 85' lang='lat' dir='ltr'>nequa</span> <span class='ocrx_word' id='word_1_279' title='bbox 1320 3727 1475 3810; x_wconf 74' lang='lat' dir='ltr'>proiecto</span> <span class='ocrx_word' id='word_1_280' title='bbox 1505 3721 1534 3784; x_wconf 87' lang='lat' dir='ltr'>is</span> <span class='ocrx_word' id='word_1_281' title='bbox 1572 3729 1624 3784; x_wconf 86' lang='lat' dir='ltr'>est</span> <span class='ocrx_word' id='word_1_282' title='bbox 1655 3716 1829 3804; x_wconf 74' lang='lat' dir='ltr'>religionis</span> 
     </span>
     <span class='ocr_line' id='line_1_27' title="bbox 303 3832 1828 3918; baseline -0.006 -10"><span class='ocrx_word' id='word_1_283' title='bbox 303 3832 519 3908; x_wconf 64' lang='lat' dir='ltr'>classim</span> <span class='ocrx_word' id='word_1_284' title='bbox 537 3837 636 3916; x_wconf 83' lang='lat' dir='ltr'>finis,</span> <span class='ocrx_word' id='word_1_285' title='bbox 655 3843 806 3908; x_wconf 61' lang='lat' dir='ltr'>utteris</span> <span class='ocrx_word' id='word_1_286' title='bbox 827 3841 1025 3908; x_wconf 88' lang='lat' dir='ltr'>notionibus</span> <span class='ocrx_word' id='word_1_287' title='bbox 1037 3839 1241 3906; x_wconf 86' lang='lat' dir='ltr'>imbuantur</span> <span class='ocrx_word' id='word_1_288' title='bbox 1265 3840 1421 3906; x_wconf 87' lang='lat' dir='ltr'>homines</span> <span class='ocrx_word' id='word_1_289' title='bbox 1438 3844 1474 3901; x_wconf 88' lang='lat' dir='ltr'>et</span> <span class='ocrx_word' id='word_1_290' title='bbox 1495 3832 1626 3916; x_wconf 86' lang='lat' dir='ltr'>omnia,</span> <span class='ocrx_word' id='word_1_291' title='bbox 1656 3842 1828 3918; x_wconf 83' lang='lat' dir='ltr'>quatenus</span> 
     </span>
     <span class='ocr_line' id='line_1_28' title="bbox 303 3949 1828 4042; baseline 0 -25"><span class='ocrx_word' id='word_1_292' title='bbox 303 3951 459 4037; x_wconf 84' lang='lat' dir='ltr'>possint,</span> <span class='ocrx_word' id='word_1_293' title='bbox 475 3951 543 4019; x_wconf 79' lang='lat' dir='ltr'>rito</span> <span class='ocrx_word' id='word_1_294' title='bbox 558 3953 625 4018; x_wconf 89' lang='lat' dir='ltr'>sibi</span> <span class='ocrx_word' id='word_1_295' title='bbox 639 3957 789 4024; x_wconf 84' lang='lat' dir='ltr'>habeant</span> <span class='ocrx_word' id='word_1_296' title='bbox 806 3968 1004 4042; x_wconf 84' lang='lat' dir='ltr'>perspecta:</span> <span class='ocrx_word' id='word_1_297' title='bbox 1025 3961 1068 4023; x_wconf 87' lang='lat' dir='ltr'>ad</span> <span class='ocrx_word' id='word_1_298' title='bbox 1090 3957 1290 4024; x_wconf 86' lang='lat' dir='ltr'>sublimiora</span> <span class='ocrx_word' id='word_1_299' title='bbox 1310 3957 1411 4040; x_wconf 84' lang='lat' dir='ltr'>longa</span> <span class='ocrx_word' id='word_1_300' title='bbox 1434 3949 1562 4024; x_wconf 72' lang='lat' dir='ltr'>tendite</span> <span class='ocrx_word' id='word_1_301' title='bbox 1586 3949 1736 4033; x_wconf 83' lang='lat' dir='ltr'>practica</span> <span class='ocrx_word' id='word_1_302' title='bbox 1754 3952 1828 4037; x_wconf 79' lang='lat' dir='ltr'>ejus</span> 
     </span>
     <span class='ocr_line' id='line_1_29' title="bbox 299 4067 1827 4164; baseline -0.003 -24"><span class='ocrx_word' id='word_1_303' title='bbox 299 4080 356 4164; x_wconf 45' lang='lat' dir='ltr'>³cst</span> <span class='ocrx_word' id='word_1_304' title='bbox 376 4069 486 4150; x_wconf 83' lang='lat' dir='ltr'>ratic,</span> <span class='ocrx_word' id='word_1_305' title='bbox 509 4091 619 4156; x_wconf 83' lang='lat' dir='ltr'>nsque</span> <span class='ocrx_word' id='word_1_306' title='bbox 643 4071 727 4158; x_wconf 84' lang='lat' dir='ltr'>quid</span> <span class='ocrx_word' id='word_1_307' title='bbox 752 4073 863 4141; x_wconf 85' lang='lat' dir='ltr'>sciant</span> <span class='ocrx_word' id='word_1_308' title='bbox 883 4075 1058 4152; x_wconf 85' lang='lat' dir='ltr'>homines,</span> <span class='ocrx_word' id='word_1_309' title='bbox 1088 4075 1148 4140; x_wconf 83' lang='lat' dir='ltr'>sed</span> <span class='ocrx_word' id='word_1_310' title='bbox 1170 4093 1320 4160; x_wconf 87' lang='lat' dir='ltr'>quonam</span> <span class='ocrx_word' id='word_1_311' title='bbox 1341 4071 1413 4138; x_wconf 89' lang='lat' dir='ltr'>sint</span> <span class='ocrx_word' id='word_1_312' title='bbox 1435 4068 1573 4146; x_wconf 87' lang='lat' dir='ltr'>anima,</span> <span class='ocrx_word' id='word_1_313' title='bbox 1601 4067 1684 4151; x_wconf 84' lang='lat' dir='ltr'>quid</span> <span class='ocrx_word' id='word_1_314' title='bbox 1698 4068 1827 4148; x_wconf 83' lang='lat' dir='ltr'>velint,</span> 
     </span>
     <span class='ocr_line' id='line_1_30' title="bbox 306 4185 1828 4280; baseline 0.002 -25"><span class='ocrx_word' id='word_1_315' title='bbox 306 4188 391 4274; x_wconf 84' lang='lat' dir='ltr'>qnid</span> <span class='ocrx_word' id='word_1_316' title='bbox 418 4200 522 4278; x_wconf 82' lang='lat' dir='ltr'>agant</span> <span class='ocrx_word' id='word_1_317' title='bbox 542 4191 692 4258; x_wconf 80' lang='lat' dir='ltr'>maxime</span> <span class='ocrx_word' id='word_1_318' title='bbox 719 4185 866 4277; x_wconf 83' lang='lat' dir='ltr'>spectat.</span> <span class='ocrx_word' id='word_1_319' title='bbox 910 4187 1108 4258; x_wconf 78' lang='lat' dir='ltr'>Renovetur</span> <span class='ocrx_word' id='word_1_320' title='bbox 1132 4209 1193 4276; x_wconf 88' lang='lat' dir='ltr'>per</span> <span class='ocrx_word' id='word_1_321' title='bbox 1227 4189 1336 4280; x_wconf 83' lang='lat' dir='ltr'>ipsam</span> <span class='ocrx_word' id='word_1_322' title='bbox 1358 4192 1482 4269; x_wconf 84' lang='lat' dir='ltr'>homo;</span> <span class='ocrx_word' id='word_1_323' title='bbox 1520 4189 1563 4254; x_wconf 90' lang='lat' dir='ltr'>ab</span> <span class='ocrx_word' id='word_1_324' title='bbox 1582 4189 1773 4256; x_wconf 86' lang='lat' dir='ltr'>humilibus</span> <span class='ocrx_word' id='word_1_325' title='bbox 1793 4199 1828 4258; x_wconf 88' lang='lat' dir='ltr'>et</span> 
     </span>
     <span class='ocr_line' id='line_1_31' title="bbox 306 4305 1826 4392; baseline -0.001 -17"><span class='ocrx_word' id='word_1_326' title='bbox 306 4307 510 4375; x_wconf 68' lang='lat' dir='ltr'>aoereunad</span> <span class='ocrx_word' id='word_1_327' title='bbox 527 4307 692 4375; x_wconf 88' lang='lat' dir='ltr'>sublimia</span> <span class='ocrx_word' id='word_1_328' title='bbox 706 4308 929 4386; x_wconf 74' lang='lat' dir='ltr'>ast-coelestia,</span> <span class='ocrx_word' id='word_1_329' title='bbox 943 4329 964 4374; x_wconf 87' lang='lat' dir='ltr'>a</span> <span class='ocrx_word' id='word_1_330' title='bbox 979 4317 1119 4392; x_wconf 86' lang='lat' dir='ltr'>peccato</span> <span class='ocrx_word' id='word_1_331' title='bbox 1137 4308 1180 4372; x_wconf 87' lang='lat' dir='ltr'>ad</span> <span class='ocrx_word' id='word_1_332' title='bbox 1199 4306 1438 4385; x_wconf 73' lang='lat' dir='ltr'>sanctitatem,</span> <span class='ocrx_word' id='word_1_333' title='bbox 1457 4330 1477 4375; x_wconf 84' lang='lat' dir='ltr'>a</span> <span class='ocrx_word' id='word_1_334' title='bbox 1491 4307 1622 4375; x_wconf 88' lang='lat' dir='ltr'>mundo</span> <span class='ocrx_word' id='word_1_335' title='bbox 1636 4309 1679 4373; x_wconf 86' lang='lat' dir='ltr'>ad</span> <span class='ocrx_word' id='word_1_336' title='bbox 1695 4305 1826 4385; x_wconf 88' lang='lat' dir='ltr'>Deum,</span> 
     </span>
     <span class='ocr_line' id='line_1_32' title="bbox 307 4423 1828 4510; baseline -0.001 -17"><span class='ocrx_word' id='word_1_337' title='bbox 307 4447 328 4493; x_wconf 83' lang='lat' dir='ltr'>a</span> <span class='ocrx_word' id='word_1_338' title='bbox 349 4427 548 4496; x_wconf 83' lang='lat' dir='ltr'>dominante</span> <span class='ocrx_word' id='word_1_339' title='bbox 574 4429 629 4496; x_wconf 90' lang='lat' dir='ltr'>sui</span> <span class='ocrx_word' id='word_1_340' title='bbox 644 4429 762 4497; x_wconf 79' lang='lat' dir='ltr'>studio</span> <span class='ocrx_word' id='word_1_341' title='bbox 786 4428 1001 4495; x_wconf 82' lang='lat' dir='ltr'>adamatam</span> <span class='ocrx_word' id='word_1_342' title='bbox 1033 4435 1277 4504; x_wconf 68' lang='lat' dir='ltr'>coarantes,</span> <span class='ocrx_word' id='word_1_343' title='bbox 1303 4423 1409 4510; x_wconf 78' lang='lat' dir='ltr'>atque</span> <span class='ocrx_word' id='word_1_344' title='bbox 1432 4426 1481 4492; x_wconf 88' lang='lat' dir='ltr'>ita</span> <span class='ocrx_word' id='word_1_345' title='bbox 1498 4427 1541 4492; x_wconf 88' lang='lat' dir='ltr'>sd</span> <span class='ocrx_word' id='word_1_346' title='bbox 1564 4435 1681 4493; x_wconf 77' lang='lat' dir='ltr'>veram</span> <span class='ocrx_word' id='word_1_347' title='bbox 1699 4425 1828 4504; x_wconf 84' lang='lat' dir='ltr'>ritum,</span> 
     </span>
     <span class='ocr_line' id='line_1_33' title="bbox 304 4541 1829 4634; baseline -0.004 -16"><span class='ocrx_word' id='word_1_348' title='bbox 304 4565 449 4634; x_wconf 71' lang='lat' dir='ltr'>suaque</span> <span class='ocrx_word' id='word_1_349' title='bbox 477 4557 651 4616; x_wconf 83' lang='lat' dir='ltr'>aeternam</span> <span class='ocrx_word' id='word_1_350' title='bbox 680 4549 786 4616; x_wconf 85' lang='lat' dir='ltr'>simul</span> <span class='ocrx_word' id='word_1_351' title='bbox 820 4555 856 4614; x_wconf 86' lang='lat' dir='ltr'>st</span> <span class='ocrx_word' id='word_1_352' title='bbox 884 4545 1039 4622; x_wconf 76' lang='lat' dir='ltr'>beatiam,</span> <span class='ocrx_word' id='word_1_353' title='bbox 1072 4545 1232 4620; x_wconf 83' lang='lat' dir='ltr'>ducetur.</span> <span class='ocrx_word' id='word_1_354' title='bbox 1277 4541 1334 4611; x_wconf 85' lang='lat' dir='ltr'>Sic</span> <span class='ocrx_word' id='word_1_355' title='bbox 1367 4545 1510 4622; x_wconf 78' lang='lat' dir='ltr'>demum</span> <span class='ocrx_word' id='word_1_356' title='bbox 1536 4548 1680 4629; x_wconf 81' lang='lat' dir='ltr'>apparet</span> <span class='ocrx_word' id='word_1_357' title='bbox 1711 4545 1829 4612; x_wconf 84' lang='lat' dir='ltr'>natira</span> 
     </span>
     <span class='ocr_line' id='line_1_34' title="bbox 306 4659 1829 4758; baseline 0 -24"><span class='ocrx_word' id='word_1_358' title='bbox 306 4661 519 4758; x_wconf 57' lang='lat' dir='ltr'>Manae</span> <span class='ocrx_word' id='word_1_359' title='bbox 541 4666 719 4756; x_wconf 72' lang='lat' dir='ltr'>religionis</span> <span class='ocrx_word' id='word_1_360' title='bbox 735 4665 875 4734; x_wconf 78' lang='lat' dir='ltr'>interne</span> <span class='ocrx_word' id='word_1_361' title='bbox 895 4665 933 4734; x_wconf 86' lang='lat' dir='ltr'>in</span> <span class='ocrx_word' id='word_1_362' title='bbox 950 4663 1025 4750; x_wconf 87' lang='lat' dir='ltr'>ipso</span> <span class='ocrx_word' id='word_1_363' title='bbox 1042 4664 1182 4732; x_wconf 88' lang='lat' dir='ltr'>homine</span> <span class='ocrx_word' id='word_1_364' title='bbox 1201 4659 1383 4731; x_wconf 80' lang='lat' dir='ltr'>residentis</span> <span class='ocrx_word' id='word_1_365' title='bbox 1406 4665 1444 4730; x_wconf 90' lang='lat' dir='ltr'>in</span> <span class='ocrx_word' id='word_1_366' title='bbox 1462 4682 1613 4746; x_wconf 83' lang='lat' dir='ltr'>sumque</span> <span class='ocrx_word' id='word_1_367' title='bbox 1628 4663 1760 4750; x_wconf 76' lang='lat' dir='ltr'>agentis</span> <span class='ocrx_word' id='word_1_368' title='bbox 1778 4663 1829 4735; x_wconf 74' lang='lat' dir='ltr'>vis</span> 
     </span>
     <span class='ocr_line' id='line_1_35' title="bbox 306 4779 1828 4876; baseline -0.005 -25"><span class='ocrx_word' id='word_1_369' title='bbox 306 4790 344 4851; x_wconf 84' lang='lat' dir='ltr'>ct</span> <span class='ocrx_word' id='word_1_370' title='bbox 364 4783 581 4870; x_wconf 67' lang='lat' dir='ltr'>mutantia</span> <span class='ocrx_word' id='word_1_371' title='bbox 614 4786 734 4876; x_wconf 80' lang='lat' dir='ltr'>ltaque</span> <span class='ocrx_word' id='word_1_372' title='bbox 755 4781 921 4871; x_wconf 64' lang='lat' dir='ltr'>incolcet</span> <span class='ocrx_word' id='word_1_373' title='bbox 943 4790 1026 4863; x_wconf 87' lang='lat' dir='ltr'>est,</span> <span class='ocrx_word' id='word_1_374' title='bbox 1046 4801 1115 4850; x_wconf 91' lang='lat' dir='ltr'>non</span> <span class='ocrx_word' id='word_1_375' title='bbox 1135 4783 1173 4852; x_wconf 89' lang='lat' dir='ltr'>in</span> <span class='ocrx_word' id='word_1_376' title='bbox 1193 4781 1432 4871; x_wconf 75' lang='lat' dir='ltr'>cognoscendis</span> <span class='ocrx_word' id='word_1_377' title='bbox 1460 4779 1565 4850; x_wconf 88' lang='lat' dir='ltr'>rebus</span> <span class='ocrx_word' id='word_1_378' title='bbox 1586 4783 1745 4860; x_wconf 64' lang='lat' dir='ltr'>mers,</span> <span class='ocrx_word' id='word_1_379' title='bbox 1767 4787 1828 4845; x_wconf 83' lang='lat' dir='ltr'>aut</span> 
     </span>
    </p>
   </div>
   <div class='ocr_carea' id='block_1_3' title="bbox 0 0 2482 6245">
    <p class='ocr_par' dir='ltr' id='par_1_4' title="bbox 0 0 2482 6245">
     <span class='ocr_line' id='line_1_36' title="bbox 0 0 2482 6245; baseline 0 0"><span class='ocrx_word' id='word_1_380' title='bbox 0 0 2482 6245; x_wconf 95' lang='lat' dir='ltr'> </span> 
     </span>
    </p>
   </div>
  </div>
 </body>
</html>
