4956 6246
623 830 666 896 24
736 863 739 868 ·
893 821 1159 897 CORNELII
1192 823 1362 896 PRUYS
1395 825 1505 900 VAN
1537 827 1640 898 otti
1673 827 1893 904 HOEVEN

620 1048 738 1098 menos
773 1029 890 1113 turpia
907 1031 1146 1116 putabantur?
1168 1031 1253 1122 Quis
1274 1042 1433 1102 restrum
1450 1033 1522 1104 Aa.
1548 1033 1630 1101 lili!
1656 1036 1842 1103 memoriae
1872 1055 1941 1102 non
1961 1038 2161 1117 mandavit‚'

621 1167 709 1234 quae
733 1147 776 1212 de
797 1149 863 1213 boc
889 1151 987 1228 loco,
1013 1153 1050 1218 in
1076 1151 1285 1239 explicandis
1314 1153 1447 1232 officiis,
1482 1154 1525 1220 ab
1553 1164 1687 1222 oratore
1716 1165 1752 1222 et
1770 1155 1976 1240 philosopho
2003 1154 2157 1223 Romano

624 1267 751 1334 tradita
781 1276 816 1334 et
844 1280 1025 1354 praecepta
1054 1283 1153 1339 sunt:
1178 1275 1325 1340 tenenda
1355 1295 1427 1341 esse
1453 1295 1515 1340 sua
1537 1275 1660 1358 cuique
1683 1273 1931 1359 propriamque
1956 1276 2157 1340 seruandam

625 1393 808 1463 naturam,
846 1397 888 1454 ut
912 1389 1046 1454 etiamsi
1083 1391 1153 1458 sint
1192 1393 1259 1458 alia
1286 1393 1441 1480 grauiora
1471 1402 1575 1478 atque
1607 1392 1773 1469 meliora,
1809 1403 1926 1458 tamen
1952 1413 2013 1458 nos
2045 1393 2159 1458 studia

626 1512 746 1571 nostra
763 1514 900 1573 nostrae
921 1517 1064 1575 naturae
1075 1513 1412 1597 regulametiemur:
1430 1511 1616 1579 imitandos
1634 1509 1806 1588 scenicos,
1827 1509 1889 1596 qui
1906 1529 1975 1575 uon
1992 1510 2158 1595 optimas,

626 1625 687 1692 aed
704 1624 770 1690 sibi
788 1629 1160 1700 adcommodatissimae
1179 1636 1313 1702 fabulas
1333 1636 1487 1725 eligunt:
1512 1645 1548 1703 et
1579 1635 1726 1720 adquae
1749 1649 1804 1699 res
1826 1627 1993 1712 aptissimi
2013 1628 2157 1702 erimus

627 1744 664 1808 iu
685 1743 725 1809 iis
754 1747 976 1830 potissimum
996 1749 1255 1821 elaborandum.
1276 1775 1295 1817 n

676 1858 753 1947 Quo
770 1865 886 1928 minus
910 1867 1068 1928 audiendi
1093 1879 1176 1932 eunt
1194 1871 1253 1932 isti
1277 1871 1571 1955 peregrinatores,
1600 1871 1660 1956 qui
1678 1872 1771 1936 facto
1796 1867 1925 1939 tridui,
1944 1876 2005 1933 aut
2026 1865 2160 1951 quatri-

628 1977 687 2044 dui
707 2001 769 2061 per
799 2001 947 2063 regnum
969 1983 1035 2042 hoo
1061 2003 1209 2062 parvum
1232 1984 1378 2060 itinere,
1404 1986 1447 2049 de
1479 1988 1582 2053 rebus
1613 1989 1765 2065 nostris,
1793 1986 1952 2075 ingeniis,
1985 1983 2159 2058 moribus,

627 2096 753 2162 studiis
763 2094 969 2160 sententiam
984 2097 1211 2177 pronuntiant
1224 2098 1406 2180 omniaque
1424 2101 1467 2163 ad
1484 2121 1519 2162 se
1543 2122 1671 2183 suaque
1690 2106 1893 2177 referentes,
1914 2121 1993 2168 cum
2005 2100 2160 2166 irrisione

629 2213 844 2282 audientium
863 2213 1015 2280 militem
1034 2212 1219 2283 imitantur
1238 2216 1443 2303 gloriosum
1467 2234 1617 2299 quorum
1633 2219 1794 2279 nonnulli
1814 2227 1930 2282 tantae
1949 2225 2031 2282 sunt
2043 2217 2162 2300 impu-

630 2335 784 2412 dentiae,
810 2344 851 2402 ut
872 2334 976 2422 hujus
993 2334 1117 2422 judicii
1144 2337 1198 2402 eui
1219 2335 1398 2402 leuitatem
1418 2343 1454 2400 et
1482 2334 1725 2418 iniquitatem,
1751 2329 1849 2395 editis
1864 2328 1983 2406 libris,
2016 2333 2161 2412 prodant

634 2474 673 2518 ac
701 2455 893 2542 divulgent.
940 2453 1070 2544 Quodsi
1098 2456 1192 2522 docti
1222 2455 1366 2540 cupiatis
1393 2454 1583 2542 preregrini
1621 2455 1663 2519 de
1694 2449 1793 2516 nobie
1818 2447 1935 2514 audire
1966 2447 2160 2534 judicium,

629 2570 725 2638 illius
742 2573 873 2652 citabo,
896 2574 956 2660 qui
976 2594 1045 2640 uon
1061 2575 1240 2654 triduum,
1255 2577 1314 2642 sed
1328 2575 1532 2640 decennium
1558 2573 1596 2636 in
1612 2571 1751 2638 Batavis
1769 2568 1927 2652 degerat,
1954 2562 2162 2630 Ruhnkenii.

673 2687 841 2758 Naturam
866 2703 984 2760 autem
1002 2692 1100 2761 nobis
1121 2694 1299 2781 propriam
1321 2695 1439 2760 minus
1464 2701 1558 2760 recte
1575 2713 1616 2757 ex
1634 2689 1783 2755 aliorum
1808 2682 1947 2768 seriptis
1972 2690 2007 2748 et
2027 2703 2162 2750 sermo-

629 2807 751 2887 nibus,
783 2832 889 2897 quam
919 2835 961 2880 ex
998 2814 1170 2902 maiorum
1219 2825 1421 2883 nostrorum
1455 2811 1580 2879 studiis
1624 2819 1659 2876 et
1698 2800 1933 2874 monumentis
1981 2799 2160 2864 litterariis

630 2946 770 2994 noscere
802 2930 1006 3012 poterimus.
1051 2931 1101 2997 Ea
1136 2952 1205 2998 non
1237 2942 1378 3000 tantum
1411 2931 1546 3016 spirant
1581 2925 1750 2994 libertatis
1778 2939 1938 2997 sensum,
1959 2917 2019 3003 qui
2051 2917 2160 2984 ueluti

633 3045 774 3132 quidam
797 3049 1059 3118 sanitatis'odor
1080 3049 1285 3118 Ruhnkenio
1313 3050 1350 3116 in
1372 3051 1460 3116 hanc
1480 3048 1654 3136 regionem
1675 3047 1825 3130 ingresso
1856 3038 2018 3108 continuo
2041 3059 2160 3104 occur·

634 3180 749 3247 rerat,
783 3171 843 3238 sed
868 3171 1061 3239 doctrinam
1095 3171 1308 3238 reconditam
1340 3178 1530 3256 promunt,
1569 3167 1644 3253 pari
1681 3164 1905 3249 simplicitate
1930 3170 1965 3227 et
1993 3157 2161 3246 elegantia

631 3285 811 3375 insignem.
856 3289 928 3357 Hoc
947 3311 1050 3358 sensu
1068 3289 1263 3358 Boerbssvii
1285 3290 1395 3354 illud:
1418 3285 1567 3373 simplos
1591 3284 1666 3350 neri
1689 3281 1856 3371 sigilium
1882 3278 2032 3364 accipio,
2061 3281 2160 3365 cujus

635 3407 793 3476 doctrina
814 3415 911 3499 justo
937 3411 1132 3496 meritoque
1160 3408 1343 3476 medicinae
1373 3407 1568 3474 collectione
1608 3406 1746 3473 nomine
1773 3401 1956 3468 laudatur:
1990 3417 2163 3462 summam

634 3542 761 3611 nempe
787 3531 1051 3616 complectentis
1076 3533 1233 3599 omnium
1254 3540 1454 3613 temporum
1487 3537 1523 3594 et
1555 3528 1713 3592 locorum
1742 3521 1911 3588 scientiae.
1957 3515 2030 3583 Hoc
2058 3535 2162 3580 sensu

631 3641 800 3733 Albinus,
818 3650 947 3738 origine
969 3651 1110 3738 quidem
1131 3673 1171 3717 ac
1188 3659 1289 3739 geute
1314 3645 1529 3722 Germanus,
1554 3643 1668 3711 indole
1691 3662 1772 3710 uero
1794 3649 1831 3706 et
1853 3636 1976 3704 studiis
2001 3633 2163 3710 Batauus,

634 3779 705 3828 nou
732 3784 893 3832 museum
914 3769 1059 3855 reliquit
1075 3770 1318 3855 splendidum,
1351 3767 1411 3832 sed
1428 3783 1591 3850 parvam,
1623 3771 1659 3828 at
1683 3763 1875 3846 elegantem
1905 3749 2161 3838 supellectilem

632 3885 878 3966 anatomicam
901 3887 937 3952 in
962 3909 1031 3974 qua
1050 3909 1120 3954 uon
1141 3905 1307 3952 numerus
1321 3881 1575 3967 speciminnm,
1608 3881 1668 3945 sed
1692 3874 1860 3962 perfectio
1887 3871 1999 3951 operis
2022 3868 2161 3933 eminet.

635 3997 709 4064 Hoc
730 4019 832 4062 sensu
853 4001 891 4062 in
912 4003 1037 4062 studiis
1065 4004 1158 4064 uam
1180 4003 1311 4082 regiam
1327 3997 1559 4080 sequebantur
1587 4002 1703 4072 patres
1719 3997 1755 4052 et
1774 4005 1849 4050 eam
1876 3983 2018 4048 demum
2040 3981 2162 4066 proba·

633 4113 720 4180 bant
741 4113 876 4198 sibique
897 4111 1066 4198 optabant
1083 4111 1332 4187 eruditionem,
1356 4129 1444 4196 quae
1466 4129 1506 4174 ex
1530 4104 1613 4190 ipsis
1635 4103 1790 4172 lontibus
1808 4112 1897 4208 esset
1920 4101 2041 4187 petita.
2088 4099 2161 4168 Hoc

631 4236 749 4304 sensu:
771 4216 1016 4296 Boerhaavius,
1063 4213 1328 4291 Schultensius,
1376 4208 1655 4278 Hemsterbusius
1695 4227 1770 4274 eam
1814 4207 1852 4270 in
1896 4205 2038 4292 legendo
2085 4225 2191 4296 con-¹

633 4336 852 4404 suetudinem
887 4345 1096 4411 tenuerunt,
1134 4343 1218 4401 uta
1249 4333 1437 4401 veterrimo
1474 4349 1611 4416 quoque
1644 4325 1812 4412 scriptore
1837 4324 1982 4412 gradum
2012 4323 2162 4387 facerent

634 4457 678 4522 ad
700 4475 803 4535 eum,
825 4457 886 4542 qui
898 4455 1076 4540 proximus
1099 4463 1187 4522 esset
1208 4464 1341 4528 aetate.
1369 4453 1579 4539 eandemque
1598 4446 1675 4513 eliis
1693 4445 1799 4512 etiam
1820 4452 1923 4530 atque
1943 4441 2049 4508 etiam
2065 4460 2162 4506 com·

633 4577 853 4650 mendarunt.

681 4694 777 4783 Quae
797 4695 1007 4765 consuetudo
1032 4693 1152 4780 quanti
1173 4693 1221 4765 sit
1235 4693 1401 4778 ¹putanda
1420 4710 1501 4758 cum
1521 4688 1563 4756 ad
1586 4683 1807 4754 scientiarum
1830 4680 2028 4745 adcuratam
2048 4674 2162 4761 cogni·

636 4811 785 4895 tionem,
811 4825 888 4894 tum
920 4815 1109 4894 adrerum
1140 4831 1309 4884 noenum
1340 4809 1573 4882 inventionem
1601 4813 1636 4872 et
1664 4799 1951 4872 existimationem
1985 4795 2161 4880 ipsamque
