4956 6246
635 702 678 768 20
889 693 1149 764 CORNELII
1192 694 1366 765 PRUYS
1398 695 1510 768 VAN
1548 696 1647 766 DER
1681 696 1899 774 HOEVEN

634 895 721 961 nihil
744 916 816 960 esse
847 896 883 958 in
919 893 991 960 rita
1019 915 1224 983 magnopere
1258 899 1509 982 expetendum,
1546 901 1737 975 exclamat,
1782 898 1849 962 nisi
1878 903 2022 970 laudem
2061 919 2166 996 atque

632 1015 867 1079 honestatem:
906 1013 942 1076 in
977 1034 1016 1077 ea
1050 1025 1167 1080 autem
1200 1018 1433 1103 persequenda
1468 1037 1585 1082 omnes
1630 1014 1802 1080 cruciatus
1838 1020 2007 1101 corporis,
2049 1028 2165 1092 omnia

634 1133 785 1218 pericula
803 1133 926 1199 mortis
954 1140 1056 1216 atque
1086 1133 1192 1198 exsilii
1212 1135 1308 1218 parvi
1337 1156 1405 1200 esse
1427 1135 1597 1213 ducenda;
1627 1153 1737 1216 neque
1760 1133 1827 1198 hoc
1854 1134 2162 1223 dissimulandum,

635 1251 694 1315 sed
711 1271 792 1334 prae
812 1248 909 1315 nobis
931 1251 1133 1316 ferendum:
1161 1255 1251 1320 trahi
1276 1275 1338 1320 nos
1374 1271 1494 1320 omnes·
1512 1252 1622 1318 laudis
1650 1251 1766 1317 studio
1790 1261 1825 1318 et
1848 1256 2024 1338 optimum
2044 1281 2165 1345 quem·

635 1389 702 1454 que
719 1370 865 1434 maxime
885 1370 995 1454 gloria
1017 1369 1116 1451 duci;
1150 1374 1285 1438 nullam
1307 1373 1475 1438 virtutem
1496 1371 1601 1436 aliam
1627 1370 1823 1435 mercedem
1846 1371 2009 1439 laborum
2025 1379 2164 1460 perieu-

632 1487 816 1575 lorumque
842 1488 1050 1566 desiderare,
1083 1501 1218 1575 praeter
1252 1493 1339 1556 hanc
1364 1489 1474 1555 laudis
1493 1498 1528 1555 et
1557 1488 1706 1576 gloriae,
1729 1508 1797 1571 qua
1823 1487 1962 1571 quidem
1989 1493 2160 1570 detracta,

636 1606 718 1690 quid
739 1616 851 1685 esset,
876 1607 968 1692 quod
984 1605 1021 1671 in
1041 1611 1105 1675 hoc
1128 1619 1200 1674 tam
1219 1607 1339 1693 exiguo
1360 1607 1450 1672 vitae
1473 1605 1647 1671 curriculo
1678 1614 1715 1671 et
1742 1615 1815 1670 tam
1840 1607 1938 1673 brevi
1963 1612 2067 1676 tantis
2098 1632 2161 1679 nos

635 1723 671 1786 in
686 1724 863 1792 laboribus
884 1746 1136 1806 exerceremus;
1159 1747 1250 1792 nunc
1266 1725 1411 1790 insidere
1427 1723 1600 1808 quandam
1618 1723 1655 1787 in
1673 1723 1806 1808 optimo
1822 1743 1957 1810 quoque
1971 1728 2159 1806 virtutem,

635 1863 722 1927 quae
746 1846 874 1912 diceet
897 1857 1015 1912 noctes
1038 1847 1193 1910 animum
1222 1845 1350 1928 gloriae
1380 1841 1534 1908 stimulis
1562 1840 1712 1908 concitat
1740 1849 1842 1925 atque
1873 1844 2059 1928 admonet,
2090 1867 2160 1914 non

634 1982 714 2027 cum
733 1962 822 2030 vitae
845 1970 1001 2044 tempore
1025 1981 1098 2025 esse
1114 1958 1356 2026 dimittendam
1382 1959 1746 2028 commemorationem
1768 1961 1916 2028 nominis
1940 1964 2073 2042 nostri,
2096 1965 2157 2031 sed

636 2080 828 2146 cumomni
853 2079 1058 2163 posteritate
1081 2077 1380 2162 adaequandum.»

682 2195 815 2283 Quibus
844 2207 960 2263 tamen
979 2197 1091 2263 serbis
1112 2195 1357 2280 sententiisque
1380 2215 1437 2258 me
1463 2194 1652 2276 confiteor,
1682 2195 1775 2258 haud
1795 2218 1919 2278 parum
1942 2204 2160 2272 conturbaris

575 2360 576 2364 =
636 2316 804 2399 siquidem
835 2317 931 2383 hicce
959 2337 1055 2382 amor
1085 2313 1193 2380 Tullii
1222 2335 1292 2380 non
1322 2311 1492 2396 veritatis,
1528 2313 1589 2378 sed
1625 2311 1736 2377 laudis
1768 2318 1804 2375 et
1837 2312 1964 2394 gloriae
1995 2325 2031 2378 et
2052 2319 2163 2386 famae

637 2437 848 2504 celebritatis
875 2458 971 2504 amor
993 2436 1080 2504 mibi
1105 2455 1175 2501 esse
1197 2434 1344 2500 videtur.
1389 2431 1539 2500 Virtutis
1561 2430 1703 2516 quidem
1728 2438 1762 2495 et
1790 2429 1976 2496 honestatis
2001 2433 2161 2508 hocloco

634 2553 678 2620 fit
702 2556 856 2627 mentio,
888 2577 1011 2622 verum
1036 2567 1182 2641 utraque
1212 2565 1284 2621 tam
1311 2562 1405 2620 arcte
1445 2574 1526 2619 cum
1549 2551 1648 2616 laude
1680 2558 1715 2614 et
1739 2548 1846 2634 gloria
1877 2552 2081 2639 copulatur,
2118 2578 2158 2620 r.

638 2673 800 2739 coaluisse
825 2674 1027 2752 rideantur,
1065 2695 1175 2760 neque
1205 2674 1248 2738 ab
1277 2676 1387 2739 altera
1413 2672 1646 2736 discernamus
1680 2669 1845 2732 alteram:
1880 2665 1923 2732 de
1947 2667 2092 2736 veritate
2114 2693 2172 2736 nra

636 2792 781 2856 verbum
806 2794 955 2876 quidem.
999 2790 1102 2858 Nobis
1121 2802 1238 2860 autem
1255 2812 1377 2859 rerum
1399 2787 1609 2856 sectantibus
1634 2803 1852 2874 nequaquam
1873 2787 2162 2858 committendum

639 2919 709 2982 est,
737 2919 778 2974 ut
799 2912 910 2974 famae
938 2912 1155 2996 nominisque
1179 2908 1389 2977 celebritatis
1418 2926 1571 2970 errrorem
1601 2913 1720 2970 sancto
1747 2907 1811 2969 hoo
1841 2906 1994 2973 veritatis
2023 2911 2162 2980 nomine

639 3029 764 3094 amoris
776 3027 946 3096 dicamus:
963 3031 1124 3117 quodqui
1140 3031 1293 3105 faciunt,
1311 3026 1439 3114 gloriae
1448 3023 1563 3090 studio
1574 3023 1743 3088 adrerum
1760 3035 1795 3092 et
1804 3027 1966 3111 pulcrum
1988 3037 2023 3096 et
2034 3031 2164 3098 bonum

639 3145 717 3212 duci
745 3148 899 3216 homines
925 3169 1038 3236 posse,
1057 3141 1265 3237 opinantur.'
1298 3147 1329 3213 A
1355 3137 1584 3236 qua'quidem
1602 3142 1762 3227 opinione
1784 3155 1921 3212 tantum
1942 3167 2003 3233 ego
2021 3148 2162 3229 msam,

639 3276 681 3330 ut
704 3288 842 3347 verear,
874 3285 918 3336 ne
936 3269 1030 3336 hisce
1058 3270 1170 3334 lamae
1191 3274 1227 3332 et
1249 3261 1459 3330 celebritatis
1479 3270 1515 3326 et
1545 3251 1673 3347 gloriae
1693 3264 1904 3332 amatoribus
1936 3265 2047 3344 idem,
2073 3268 2165 3352 quod

639 3381 721 3470 Regi
743 3385 796 3450 illi
820 3388 912 3471 apud
943 3387 1155 3454 Herodotum
1178 3381 1326 3450 accidat,
1353 3379 1414 3463 qui
1437 3378 1554 3445 uxoris
1578 3401 1658 3446 suae
1689 3385 1922 3467 pulcritudine
1947 3387 2167 3470 superbiens,

642 3522 715 3566 eam
736 3507 864 3571 nudam
888 3528 985 3573 servo
1008 3503 1230 3589 spectandam
1249 3497 1427 3583 praebuit:
1452 3519 1521 3583 quo
1541 3501 1653 3579 facto,
1667 3502 1857 3590 indignatio
1877 3503 2031 3572 mulieris
2051 3504 2166 3590 ipsum

640 3628 675 3684 et
695 3641 801 3689 uxore
817 3633 853 3690 et
875 3643 979 3710 regno
1002 3631 1038 3688 et
1063 3621 1133 3687 rita
1155 3617 1316 3704 privarit.

685 3735 879 3810 Cavendum
922 3736 1065 3812 ideirco,
1108 3757 1151 3802 ne
1183 3737 1270 3804 falsa
1303 3756 1422 3804 rerum
1452 3738 1564 3825 specie
1597 3738 1732 3824 decepti
1755 3739 1895 3806 umbras
1930 3748 2167 3807 consectemur

640 3869 675 3924 et
707 3863 892 3928 simulacra
920 3855 1052 3941 ipsique
1087 3855 1225 3921 inanem
1251 3877 1429 3922 rumorem
1458 3867 1672 3942 aucupantes
1693 3869 1729 3924 et
1748 3859 1921 3926 “scientiae
1947 3855 2167 3940 veritatisque

640 3995 792 4041 caussam
816 3979 1001 4058 prodamus
1031 3985 1067 4038 et
1093 3971 1207 4038 animo
1236 3971 1302 4056 ipsi
1331 3980 1450 4038 nostro
1481 3969 1598 4036 labem
1632 3973 1838 4048 inseramus,
1869 3971 2027 4038 amnibus
2061 3971 2167 4038 nullis

649 4093 842 4162 eluendam.

611 4188 613 4194 ¹
683 4208 847 4294 Quisnam
865 4207 969 4295 igitur
991 4210 1037 4278 sit
1053 4209 1201 4280 illereri
1223 4230 1320 4277 amor
1329 4255 1342 4288 ,
1364 4209 1494 4277 iterum
1514 4209 1709 4295 iterumque
1724 4228 1896 4296 rogamus.
1940 4207 1996 4276 An
2010 4207 2166 4276 scientia-

640 4349 720 4396 rum
736 4327 1032 4407 dootrinsrumve,
1054 4351 1098 4397 an
1113 4341 1249 4398 nostrae
1265 4339 1402 4398 tantum
1421 4340 1492 4408 est,
1514 4350 1618 4414 quam
1636 4330 1861 4414 profitemur,
1878 4325 2167 4395 amorscientiael

640 4445 783 4514 Minime
809 4445 983 4536 gentium!
1008 4445 1061 4514 An
1083 4449 1299 4538 ignoramus,
1329 4450 1406 4516 illas
1427 4449 1548 4516 crebro
1574 4447 1729 4516 veritatis
1752 4450 1992 4516 tantummodo
2016 4447 2167 4512 formam

639 4565 763 4633 babere
793 4578 827 4634 et
856 4568 1140 4654 similitudinem,
1171 4570 1208 4636 in
1243 4569 1366 4655 quibus
1404 4568 1609 4654 opinabilia.
1645 4569 1909 4656 conjecturalis,
1959 4567 2043 4632 falsa
2075 4565 2164 4630 veris

643 4683 771 4774 ubique
797 4697 831 4754 et
855 4688 956 4758 certis
983 4691 1092 4760 mixta
1127 4699 1227 4780 sunt}
1268 4700 1403 4760 nostrae
1432 4699 1549 4758 autem
1579 4685 1742 4757 scientiae
1769 4707 1922 4758 amorem
1947 4704 2027 4753 oum
2053 4683 2163 4753 nostri
