4956 6246
669 737 712 806 ts
979 733 1870 808 olnnolvlst'lnlvaanau

667 961 686 1004 e
704 933 942 1006 remotissimis
973 939 1163 1005 matheseos
1190 939 1344 1008 lontibus
1367 943 1505 1009 haustas
1520 963 1592 1009 esse
1609 941 1823 1026 reperimus,
1844 939 1893 1006 ita
1910 947 1967 1022 ut,
1992 943 2084 1024 quod
2098 946 2195 1027 parvi

666 1055 834 1120 momenti
865 1064 899 1120 et
929 1055 1001 1121 fera
1027 1055 1063 1119 in
1083 1066 1200 1142 aperto
1230 1047 1302 1126 ess'e
1319 1059 1503 1144 videatur,
1532 1081 1602 1126 non
1624 1059 1690 1124 nisi
1712 1059 1869 1145 diligenti
1892 1062 2194 1148 pervestigatione,

665 1176 844 1259 multoque
879 1173 996 1240 labore
1008 1219 1019 1260 ,
1045 1186 1265 1243 consecutum
1293 1177 1350 1243 sit.
1398 1176 1524 1242 Eadem
1550 1177 1587 1241 in
1614 1175 1862 1244 architecturae
1892 1177 1994 1244 variis
2018 1179 2196 1265 generibus

664 1291 790 1374 passim
818 1313 1015 1370 occurrere,
1045 1313 1113 1360 non
1135 1315 1222 1380 opus
1243 1296 1311 1363 erit
1330 1307 1370 1363 nt
1396 1299 1437 1362 de
1459 1294 1631 1364 mdusnit
1658 1294 1839 1381 explicem.

708 1525 776 1612 Qui
794 1529 967 1594 machinas
995 1530 1174 1598 inveniunt
1198 1541 1258 1598 ant
1279 1541 1500 1617 comparant,
1533 1519 1632 1598 illud
1647 1530 1873 1617 praecipuum
1892 1528 2071 1615 negotium
2086 1537 2197 1593 atten-

664 1649 747 1712 dant
773 1659 931 1731 oportet,
968 1659 1009 1716 ut
1031 1651 1184 1735 partium
1211 1653 1304 1718 varia
1329 1649 1449 1719 motas
1478 1673 1621 1739 genera,
1661 1649 1729 1734 qna
1759 1646 1970 1712 desideratur
1999 1643 2134 1730 regione
2163 1654 2198 1710 et

665 1764 866 1841 velocitate,
898 1768 1061 1832 concinne
1086 1780 1288 1851 nascantur,
1314 1770 1570 1847 immutentur,
1600 1781 1635 1836 et
1669 1769 1711 1834 ab
1740 1765 1806 1832 alid
1851 1775 1948 1849 parte
1985 1763 2022 1826 in
2052 1765 2196 1828 alteram

664 1885 927 1950 transferantur.
973 1882 1129 1961 Auxilia,
1148 1905 1236 1971 quae
1255 1889 1350 1950 hune
1371 1887 1408 1950 in
1427 1890 1533 1952 finem
1553 1891 1784 1972 praebentur,
1814 1903 1958 1950 numero
1981 1882 2075 1947 haud
2101 1882 2198 1946 linit'a

664 2011 765 2084 sunt,
778 2010 813 2065 et
822 2020 886 2084 pro
912 2000 1008 2064 vario
1020 2018 1123 2082 acopo
1143 2011 1179 2066 et
1198 2023 1276 2066 casu
1294 2001 1399 2068 etiam
1419 2003 1534 2089 augeri
1548 2015 1702 2087 possunt.
1748 1985 1968 2068 Uberrimarn
1979 1997 2197 2064 constituunt

664 2117 822 2201 copiam,
844 2133 971 2198 quarm
993 2113 1044 2192 ei,
1062 2125 1245 2198 conspectu
1264 2117 1444 2205 diligenti,
1471 2118 1559 2184 bene
1575 2117 1733 2184 novimus
1746 2122 1781 2179 et
1802 2111 2017 2207 aliquantum
2040 2112 2199 2176 adhibere

665 2232 866 2308 didicimus,
891 2251 961 2296 non
982 2229 1118 2297 difficile
1133 2242 1204 2302 est,
1223 2253 1264 2298 ex
1285 2233 1347 2299 illd
1372 2234 1498 2321 eligere
1519 2243 1623 2320 atque
1641 2234 1843 2299 desumere,
1866 2247 1952 2311 quae
1967 2229 2011 2294 ad
2027 2229 2204 2296 machinae

663 2351 814 2438 cujusvis
855 2347 1009 2432 partium
1049 2347 1242 2416 ordinatam
1282 2354 1562 2440 conjunctionem
1608 2361 1669 2418 aut
1721 2348 2004 2434 compositionem
2061 2346 2198 2430 proprie

662 2467 901 2558 requiruntur.
948 2463 989 2528 ln
1005 2464 1071 2529 hec
1094 2474 1210 2531 autem
1232 2477 1330 2551 parte
1349 2472 1574 2554 quamplures
1601 2467 1751 2535 artifices
1781 2467 1834 2531 rel
1858 2463 2004 2528 maxime
2027 2464 2198 2530 excellue-

660 2591 764 2662 runt,
795 2592 830 2648 et
865 2601 1109 2666 saepenumero
1142 2585 1247 2650 etiarn
1282 2585 1410 2653 indocti
1444 2587 1581 2671 opifices
1594 2620 1616 2669 ,·
1639 2605 1749 2672 neque
1783 2583 1819 2648 in
1854 2590 1928 2647 arte
1964 2590 2035 2646 tam
2063 2581 2190 2664 periti,

669 2699 939 2790 ingeniosissima
968 2702 1213 2784 protulerunt;
1238 2704 1415 2792 ingenium
1437 2705 1565 2788 quippe
1586 2704 1762 2780 interdum
1781 2703 1853 2768 sine
1873 2701 2014 2767 scientia
2044 2701 2197 2766 multum

659 2823 764 2887 valet.
810 2816 875 2885 Sed
895 2817 1049 2903 ejusdem
1071 2819 1179 2903 partis
1202 2821 1342 2908 insignis
1364 2821 1606 2905 amplificatio,
1632 2823 1803 2904 latiorque
1832 2841 1930 2902 usus,
1955 2819 2080 2905 quibus
2105 2811 2196 2906 ipsae

660 2937 849 3005 industriae
860 2944 972 3010 artes,
989 2955 1051 2999 nec
1059 2933 1277 3021 singulorum
1292 2937 1465 3004 artificum
1482 2937 1634 3025 ingenis,
1649 2947 1789 3004 ornatae
1802 2947 1886 3004 sunt
1903 2947 2006 3022 atque
2017 2937 2194 3012 excultae,

663 3055 804 3123 omnino
824 3051 1055 3119 recentiorum
1075 3055 1401 3122 mathematicorum
1427 3075 1548 3140 operae
1569 3054 1678 3124 tribui
1706 3057 1845 3123 debent.
1891 3053 1933 3120 Hi
1959 3054 2073 3130 enim,
2101 3062 2198 3139 post·

662 3189 768 3256 quarn
793 3170 886 3236 varia
915 3169 977 3234 illa
1008 3167 1134 3236 auxilia
1160 3175 1391 3262 collegerant,
1418 3174 1621 3258 meliorique
1652 3173 1763 3242 forma
1788 3184 1825 3241 et
1848 3173 1971 3240 habitu
1993 3174 2196 3256 induerant,

666 3288 820 3374 itemque
848 3288 1055 3371 quamplura
1088 3294 1269 3358 emendata
1304 3302 1339 3360 et
1374 3313 1462 3360 nova
1491 3291 1711 3370 addiderant,
1747 3313 1887 3359 omnem
1923 3302 2000 3358 tum
2037 3311 2196 3378 magnam

663 3407 856 3494 congeriem
881 3414 918 3471 et
940 3403 1075 3488 copiam
1093 3407 1341 3494 subsidiorum,
1370 3413 1406 3478 in
1434 3414 1583 3478 formem
1601 3409 1798 3496 systematis
1817 3411 2043 3496 redegerunt,
2059 3408 2096 3472 in
2111 3427 2196 3491 quo,

663 3543 774 3608 quum
802 3544 867 3600 ea,
893 3541 980 3604 qnae
1001 3523 1153 3609 ejusdem
1172 3539 1254 3596 sunt
1286 3531 1440 3618 generis,
1469 3530 1562 3595 hand
1599 3529 1773 3618 disjunta,
1804 3528 1864 3594 sed
1891 3529 1992 3614 juxta
2023 3520 2197 3608 seposita

661 3631 754 3722 sint,
774 3640 988 3727 intelligitur
1002 3659 1106 3724 quam
1121 3645 1222 3713 facile
1242 3650 1289 3717 sit
1308 3650 1525 3737 conspicere,
1546 3666 1631 3732 qnae
1648 3649 1685 3712 in
1702 3654 1871 3732 promptu
1888 3651 1987 3725 sunt,
2006 3651 2041 3708 et
2055 3639 2194 3726 eligere,

661 3781 747 3847 qnae
766 3761 900 3848 optime
919 3759 1089 3830 videntur.
1137 3765 1231 3834 Illud
1241 3768 1347 3857 igitur
1364 3779 1541 3857 systema,
1561 3767 1666 3835 illave
1684 3767 1796 3838 ratio,
1821 3777 1985 3852 tanquam
2005 3757 2196 3829 inveniendi

661 3881 783 3948 modus
805 3881 947 3964 existit,
972 3880 1132 3965 idemque
1151 3888 1404 3968 quodammodo
1424 3898 1477 3956 est
1498 3907 1616 3964 causa,
1638 3906 1700 3952 cur
1724 3886 1825 3952 hodie
1850 3894 2027 3950 tantorum
2042 3876 2198 3939 altilium

662 3981 884 4060 inventorum
906 4003 980 4054 tam
1004 4000 1111 4058 multi
1138 4010 1293 4064 auctores
1320 4003 1555 4082 reperiantur,
1584 4000 1640 4060 vel
1661 4000 1784 4071 etiam,
1808 4009 1869 4054 eur
1891 3988 2021 4054 artium
2042 3986 2197 4054 subsidia

666 4123 700 4178 et
721 4110 937 4196 adjumenta,
967 4101 1063 4169 brevi
1098 4111 1252 4190 tempore
1264 4152 1276 4186 ,
1307 4119 1380 4174 tam
1407 4106 1584 4194 insigniter
1605 4103 1823 4174 increverint.

718 4343 893 4434 Quartum
910 4342 1076 4410 habemus
1094 4347 1311 4431 exemplum,
1327 4348 1357 4415 si
1375 4345 1534 4415 maehina
1550 4353 1778 4431 apparatusve
1796 4353 1857 4410 ant
1868 4343 2079 4410 constructio
2098 4361 2197 4427 quae·

664 4469 744 4534 dam
752 4460 978 4530 delineatione
996 4460 1062 4527 erit
1078 4464 1282 4552 designanda
1295 4468 1351 4556 ,id
1368 4477 1441 4551 est,
1462 4467 1491 4532 si
1497 4465 1654 4553 ‚ejusdem
1666 4463 1793 4552 objecti
1805 4461 2048 4549 ichnographia
2057 4462 2198 4529 exactis·

668 4582 765 4649 simis
785 4579 999 4646 lineamentis
1026 4578 1092 4646 erit
1117 4580 1345 4651 describenda.
1391 4582 1439 4652 Ut
1458 4583 1550 4656 enim
1572 4583 1724 4650 diversae
1747 4592 1885 4666 partes,
1909 4577 2192 4665 quae'reeednnt,

669 4719 755 4788 quae
767 4697 965 4784 prominent
979 4703 1040 4764 aut
1056 4709 1257 4782 penetrant,
1280 4723 1435 4792 quaeque
1458 4703 1685 4776 diversimodo
1699 4710 1883 4771 curvateet
1900 4710 2079 4769 concavata
2090 4679 2191 4775 sunt,
