4956 6246
882 713 1220 788 ,onatltt
1421 813 1425 818 Ι
1792 719 1835 782 va

307 919 480 983 hominem
510 913 642 995 peccati
664 933 804 982 servum
835 915 870 980 in
896 915 1093 983 libertatem
1115 915 1282 984 restituit.
1329 911 1419 1000 Quid
1443 915 1536 1000 quod
1562 915 1604 979 ad
1630 915 1831 1001 dignitatern

305 1039 457 1096 suamet
479 1028 683 1096 beatitatem
708 1057 747 1102 eo
771 1037 883 1102 acrius
905 1037 1016 1102 tendit
1035 1037 1158 1113 homo,
1184 1055 1251 1120 quo
1279 1033 1385 1120 magis
1406 1034 1529 1098 haheat
1554 1051 1653 1097 snam
1674 1045 1832 1101 naturam

304 1158 538 1236 perspectam
563 1149 758 1235 quidquod
784 1175 838 1220 res
863 1153 993 1220 divinas
1020 1173 1060 1219 eo
1087 1153 1324 1220 vehementius
1348 1134 1500 1234 appetit,
1532 1167 1601 1229 quo
1628 1147 1736 1234 magis
1756 1169 1834 1214 sera

308 1294 370 1338 sua
398 1273 508 1337 forma
548 1271 654 1355 ipsius
688 1271 795 1336 menti
823 1271 1065 1350 obversantem
1106 1273 1198 1356 quod
1221 1271 1333 1337 Deum
1364 1267 1554 1364 imprimis,
1590 1263 1836 1351 Christumque

309 1408 377 1472 quo
403 1391 514 1457 verius
550 1409 814 1476 cognoscamus,
852 1409 892 1454 eo
920 1389 1094 1456 ardentius
1128 1410 1301 1467 amamus;
1343 1387 1434 1471 quod
1478 1383 1625 1467 deniqne
1660 1403 1837 1449 summanr

308 1505 412 1580 illud,
443 1506 485 1570 ad
510 1507 603 1594 quod
629 1505 784 1572 homiues
817 1505 948 1572 elevare
980 1508 1092 1574 tendit
1126 1505 1370 1594 Euangelium‚
1394 1480 1672 1570 similitudinem
1692 1501 1835 1584 inquam

309 1641 388 1686 cum
408 1619 479 1686 Deo
492 1667 501 1697 ,
514 1645 556 1688 ne
576 1623 719 1710 cogitari
733 1623 874 1709 quidem
893 1635 1005 1710 potest
1016 1626 1100 1703 ,nisi
1114 1623 1233 1703 Hunc,
1252 1645 1356 1710 quem
1377 1625 1553 1690 intuemur
1570 1622 1834 1702 imitamurque,

309 1759 388 1804 vere
410 1759 670 1826 cognoscamus,
692 1743 782 1806 unde
799 1743 882 1808 haec
906 1761 983 1826 spes
1008 1764 1026 1807 e
1055 1743 1184 1808 futuris
1213 1743 1311 1812 nobis
1340 1743 1480 1824 affulget
1507 1738 1722 1824 regionibus:
1770 1736 1837 1819 lpsi

309 1856 437 1922 similes
466 1857 595 1922 erimus
622 1858 823 1942 aliquando,
851 1879 931 1924 nam
959 1857 1078 1942 Ipsum
1109 1857 1340 1932 intuebimur,
1371 1855 1487 1940 prouti
1524 1864 1587 1920 est.
1632 1852 1727 1940 Quae
1758 1875 1836 1937 cum

309 1973 357 2038 ita
390 1972 478 2052 sint,
503 1973 689 2058 uuicuique
716 1973 939 2058 perspicuum
966 1982 1037 2048 est,
1070 1971 1214 2038 sublimi
1244 1970 1420 2054 Euangelii
1449 1972 1590 2038 consilio
1627 1975 1729 2039 toties
1754 1975 1837 2056 quid

308 2088 463 2165 detrahi,
485 2089 621 2170 quoties
646 2110 666 2154 a
694 2109 774 2156 vero
808 2092 1037 2162 deflectatur,
1067 2087 1156 2151 idem
1192 2107 1273 2153 vero
1305 2089 1498 2170 promoveri
1525 2109 1564 2154 eo
1591 2089 1737 2165 certius,
1769 2109 1837 2172 quo

309 2206 417 2292 magis
439 2206 619 2272 adrerum
640 2207 794 2270 homines
813 2205 995 2280 accedant;
1021 2203 1237 2272 verurnadeo
1259 2206 1394 2270 unicam
1419 2228 1489 2272 esse
1512 2207 1623 2284 viam,
1648 2227 1709 2291 per
1733 2227 1837 2292 quam

308 2343 347 2388 eo
358 2321 607 2405 perveniamus.
635 2319 772 2404 Itaque,
790 2339 858 2404 quo
874 2320 1057 2386 intensiore
1068 2321 1185 2386 studio
1195 2321 1272 2406 quis
1290 2321 1460 2400 enitatur,
1479 2332 1519 2388 ut
1534 2322 1689 2390 homines
1704 2324 1833 2394 bonos.

308 2449 463 2515 sanctos,
485 2439 621 2514 beatos,
646 2437 775 2506 Christi
793 2438 1088 2511 amoreimbutos,
1109 2435 1242 2524 Spiritu
1261 2439 1376 2506 divino
1392 2443 1528 2524 plenos,
1549 2441 1620 2510 Deo
1639 2443 1835 2510 simillimos

309 2557 449 2633 reddat,
468 2576 507 2622 eo
526 2557 677 2622 sanctius
693 2558 759 2630 hoe
783 2557 927 2634 habeat,
957 2557 994 2626 in
1010 2555 1196 2644 Theologia
1214 2557 1312 2623 unice
1336 2577 1457 2622 veram
1485 2557 1619 2626 sectari.

353 2677 397 2745 Et
413 2695 522 2751 nunc,
549 2674 589 2742 A.
604 2675 666 2746 ΔΛ
689 2685 841 2762 spectate
860 2695 989 2744 munus
1010 2671 1173 2760 Theologi
1194 2675 1492 2760 augustissimum.
1538 2675 1602 2744 Est
1629 2678 1688 2743 ille
1709 2681 1835 2745 mantis
1862 2717 1868 2724 -

309 2793 458 2870 divinae,
480 2795 629 2879 adeoque
647 2817 802 2864 summae
822 2791 1000 2870 veritatis,
1019 2792 1112 2859 inter
1133 2792 1283 2860 hominis
1301 2794 1481 2878 interpres.
1528 2793 1588 2862 Eat
1608 2795 1668 2860 ille
1684 2794 1835 2872 Christi,

308 2911 388 2997 qui,
410 2921 451 2977 ut
474 2932 595 2978 verum
617 2913 653 2978 in
683 2913 813 2979 mundo
837 2908 1061 2988 dominetur,
1088 2929 1107 2974 e
1129 2911 1224 2976 coelo
1252 2909 1438 2975 interram
1462 2907 1623 2976 dimissus
1649 2919 1702 2978 est
1720 2931 1839 2976 cruen-

311 3043 452 3117 tamque
483 3032 589 3099 subiit
617 3043 785 3110 mortem,
825 3029 994 3102 minister.
1040 3027 1135 3098 Inter
1171 3048 1227 3096 eos
1261 3039 1332 3104 eet,
1375 3047 1459 3111 quos
1496 3026 1663 3094 Dominus
1704 3028 1764 3094 ille
1801 3028 1837 3094 in

310 3161 514 3236 perpetuum
553 3153 668 3220 virens
700 3151 860 3220 ecclesiae
896 3169 976 3214 suae
1017 3146 1185 3233 largitur,
1226 3155 1267 3212 ιιι
1301 3147 1406 3222 haec,
1457 3165 1543 3229 qnae
1577 3145 1684 3228 ipsius
1715 3163 1837 3228 corpus

311 3272 511 3349 constituit,
554 3273 590 3340 in
628 3273 700 3339 dies
737 3269 950 3356 perficiatur,
990 3265 1185 3352 usquedum
1218 3283 1335 3330 omnes
1373 3264 1415 3330 ad
1459 3265 1532 3348 ejus
1570 3260 1834 3329 similitudinem

311 3395 552 3460 maturuerint.
599 3393 683 3482 EJ'us
708 3400 760 3458 est
791 3387 921 3456 Christi
950 3407 1035 3470 opus
1063 3383 1246 3471 persequi,
1274 3392 1310 3450 et
1340 3403 1402 3448 sua
1430 3383 1602 3458 conferre,
1638 3388 1678 3446 ιιι
1705 3375 1836 3463 Spiritu

310 3512 464 3576 veritatis
492 3512 600 3599 magis
628 3511 804 3599 magisque
833 3508 1010 3572 imbuatur
1041 3504 1223 3576 hominum
1252 3501 1465 3568 universitas.
1517 3503 1612 3568 Alios
1637 3499 1834 3571 instituere,

310 3628 388 3692 aliis
408 3630 522 3692 lucem
544 3627 705 3710 praehere
726 3627 763 3691 in
790 3624 895 3692 rebus
917 3621 1148 3710 gravissimis,
1178 3616 1254 3683 aliis
1270 3619 1339 3682 dux
1357 3640 1429 3685 asse
1447 3619 1554 3685 invia
1572 3619 1614 3682 ad
1641 3617 1747 3681 vitam
1767 3615 1837 3676 im-

314 3745 520 3817 mortalem,
549 3744 635 3817 hoc,
663 3745 728 3807 hoc
755 3744 915 3826 inquam,
943 3741 974 3804 ei
1006 3748 1058 3804 est
1082 3735 1316 3800 commissum.
1362 3731 1495 3800 Insistit
1523 3753 1643 3800 eorum
1668 3729 1835 3816 vestigiis,

312 3862 372 3946 qui
394 3858 511 3922 omnia
530 3857 664 3940 perpeti
680 3859 899 3936 maluerunt,
921 3873 1026 3938 quam
1046 3868 1163 3916 avaro
1182 3849 1358 3924 recedere,
1382 3857 1418 3913 et
1438 3851 1594 3922 veritatis
1613 3870 1710 3918 causa
1730 3849 1834 3914 vitam

313 3979 378 4064 ipsi
402 3995 501 4041 suam
534 3973 695 4038 amittere
720 3975 812 4039 haud
836 3979 1050 4038 recusarunt.
1068 4003 1114 4020 --
1128 3967 1210 4038 Levi
1232 3966 1397 4049 penicillo
1428 3965 1672 4032 adumbratum
1705 3965 1836 4032 habetis
1946 3999 1948 4005 ·

312 4086 644 4180 praestantissimum
671 4087 777 4154 simul
810 4093 845 4150 et
868 4085 1121 4162 sanctissimum
1151 4101 1301 4160 munus,
1327 4083 1387 4154 sed
1408 4103 1476 4148 una
1496 4082 1634 4158 videtis,
1657 4083 1699 4148 ad
1717 4103 1836 4150 verum

312 4215 349 4278 id
370 4231 443 4277 esse
463 4228 524 4274 aua
541 4215 666 4272 natura
687 4205 856 4278 relatam,
881 4201 959 4268 inde
977 4196 1103 4270 habere
1123 4199 1456 4270 commandationem
1482 4221 1600 4278 suam,
1631 4212 1732 4286 atque
1756 4203 1838 4268 adeo
1883 4219 1885 4224 ’

314 4326 423 4398 officio
446 4343 508 4390 suo
537 4325 665 4400 deirae,
696 4328 860 4405 tantoque
886 4340 923 4386 se
954 4340 1098 4392 manere
1132 4319 1310 4406 indignum
1342 4340 1482 4404 prorsus
1508 4332 1689 4407 ‚praestare
1714 4341 1838 4387 unum·

314 4463 502 4532 quemque,
533 4440 589 4508 cui
607 4439 701 4506 aliud
722 4439 905 4524 quicquam
927 4437 1144 4526 propositum
1169 4446 1221 4506 est
1246 4459 1349 4524 quam
1379 4442 1479 4508 unice
1496 4463 1616 4509 verum
1631 4443 1768 4515 sectari.

361 4791 414 4869 Nil
435 4794 512 4859 nori
529 4793 565 4874 in
584 4793 738 4874 medium
762 4794 914 4877 protuli,
942 4791 983 4882 A„
999 4795 1059 4862 nl
1091 4797 1270 4874 notissima
1299 4799 1369 4864 dixi
1393 4809 1428 4865 et
1456 4797 1500 4874 ab
1521 4797 1680 4882 omnibus
1700 4796 1833 4882 agnita3

1452 4915 1483 4994 tl
