4956 6246
632 721 724 824 ,ιι
985 715 1880 790 οιιιιοιιιειιιιιιιιιιιιιι

675 918 821 990 uthai
838 917 918 986 -aint
941 917 1075 986 detecta
1099 928 1159 988 act
1189 925 1340 1008 perfecta
1368 926 1561 1009 meliusque
1586 924 1773 1008 descripta,
1798 955 1843 974 ι-
1869 921 1953 1005 quid
1968 926 2204 998 laudatissime

674 1041 885 1126 praestiterit
911 1041 958 1107 ad
994 1041 1204 1110 mechanicas
1240 1043 1418 1128 principia
1437 1045 1702 1132 investiganda,
1739 1041 1968 1118 emendanda,
2002 1043 2204 1114 absoluanda

674 1169 778 1244 atque
802 1161 848 1228 ad
881 1162 970 1246 leger
1000 1158 1175 1244 thomices
1204 1162 1400 1244 reserenda,
1430 1195 1472 1216 ·-
1499 1171 1584 1246 quot
1607 1172 1641 1228 et
1661 1163 1780 1244 quales
1803 1159 1994 1243 machinas,
2020 1162 2203 1248 intorques

672 1280 862 1364 marianas
895 1279 1114 1353 utilissimas,
1150 1278 1419 1366 ingeniosissima
1458 1279 1650 1355 invenerit,
1681 1315 1725 1334 -·
1757 1286 1885 1360 quanto
1910 1279 2056 1364 denique
2083 1284 2116 1347 ,ei
2159 1287 2204 1351 sit

673 1399 813 1476 honori,
832 1399 924 1482 qued
942 1419 1048 1465 novae
1068 1407 1152 1466 tuuc
1171 1399 1278 1482 partie
1295 1397 1557 1482 disciplinarum
1582 1397 1926 1482 mathematicorum,
1959 1399 2205 1486 hyda-ortamota

672 1513 860 1594 nimirum,
876 1516 981 1582 initia
1001 1517 1191 1582 rectissime
1210 1518 1462 1603 designaverit,
1487 1553 1531 1566 -
1556 1539 1598 1584 ea
1618 1519 1733 1585 omnia
1754 1537 1834 1582 oum
1861 1519 1907 1582 in'
1920 1531 2086 1605 promptu
2111 1523 2202 1597 sint,

674 1655 878 1728 memorasse
903 1637 1006 1706 ,nobis
1041 1636 1205 1713 sufficiat..
1233 1655 1435 1715 aacnraam,
1478 1636 1638 1712 etiamsi,
1679 1657 1743 1702 suo
1775 1639 1848 1721 jam
1886 1645 2057 1720 tempore,
2088 1640 2203 1705 omnia

673 1755 844 1834 praeclara
861 1758 938 1843 eJ'us
961 1754 1099 1818 inventa
1123 1756 1158 1820 in
1182 1759 1460 1822 crumenarum
1480 1757 1656 1830 uenerint,
1685 1765 1805 1820 tamen
1833 1756 2001 1822 minorem
2034 1761 2200 1824 honorem

674 1890 742 1936 ocu
779 1874 889 1938 tuisse
920 1872 1164 1947 tribuendum,
1221 1881 1404 1954 propterea
1440 1876 1534 1956 quod
1577 1873 1842 1956 disciplinarum
1860 1877 2200 1944 'mathematicorum

674 1995 781 2063 varias
816 2003 930 2078 partes
969 1990 1130 2057 exactiori
1179 1990 1313 2054 ratione
1350 1991 1554 2074 perfecerit,
1596 1992 1786 2076 malitiaque
1820 1985 1922 2060 rebus
1935 2037 1943 2064 2
1957 2069 1960 2074 ¹
1976 1994 2200 2061 subtilissime

671 2111 886 2197 excogitatis,
916 2109 1088 2175 ornaverit
1118 2117 1152 2172 et
1178 2107 1455 2190 locupletaverit,
1492 2107 1539 2170 ita
1569 2117 1608 2169 ut
1631 2111 1764 2172 fontem
1790 2113 1904 2176 multo
1936 2111 2130 2178 uberiorem
2164 2121 2200 2176 et

619 2297 627 2310 ,
674 2229 853 2294 meliorem
899 2226 1118 2310 praebuerit,
1154 2249 1171 2290 e
1210 2245 1279 2309 quo
1321 2225 1527 2290 recentiores
1567 2224 1802 2287 mathematici
1848 2230 1969 2302 citius,
2009 2231 2201 2330 certiusque

672 2346 871 2422 haurirent,
900 2347 942 2408 ad
969 2345 1187 2427 disciplinas,
1233 2344 1358 2428 quihus
1384 2355 1523 2428 operam
1566 2343 1755 2410 navabant,
1792 2342 2073 2426 amplificandas,
2101 2357 2135 2410 et
2159 2347 2200 2414 in

674 2467 801 2532 artium
834 2465 975 2530 utilium
1012 2465 1168 2529 fructum
1199 2465 1455 2532 convertendas.
1501 2463 1546 2529 Et
1570 2474 1686 2528 tamen
1712 2462 1852 2526 fuerunt
1878 2461 2090 2546 philosophi,
2120 2464 2200 2546 qui,

675 2597 829 2671 tenrpom
850 2605 1067 2660 arcanuia,
1095 2583 1137 2647 de
1171 2587 1244 2669 ejus
1275 2583 1431 2649 doctrina
1459 2582 1669 2648 mechanicas
1699 2579 1915 2650 dubitarent,
1948 2579 2045 2663 quasi
2070 2579 2201 2642 nullius

674 2704 838 2770 utilitatis
857 2707 947 2769 foret
960 2705 1004 2767 ad
1020 2703 1132 2786 ipsam
1146 2703 1380 2768 mechanicam
1396 2701 1677 2786 amplificandam
1692 2710 1752 2764 aut
1769 2696 2022 2782 perficiendam.
2069 2696 2203 2762 Macha-

672 2823 784 2890 meam
801 2822 901 2887 -ecim
929 2820 1111 2888 censebant
1144 2835 1258 2889 ¹artam
1282 2823 1526 2888 enachitarum
1541 2817 1851 2907 comparandarum
1868 2861 1877 2894 ,
1897 2835 1960 2880 nec
1991 2817 2101 2880 nllam
2131 2833 2202 2882 esse

672 2943 709 3005 in
726 2943 797 3007 'hac
819 2948 892 3006 arte
920 2942 1126 3027 geometriae
1150 2953 1214 3008 aut
1246 2939 1421 3009 doctrinae
1452 2940 1663 3007 mechanicas
1699 2940 1769 3007 vim
1797 2944 1831 3001 et
1860 2934 2063 3009 efficaciam,
2095 2933 2204 2996 immo

673 3060 782 3143 ἱρεῦσι]
796 3079 880 3124 ¹esse
902 3057 1156 3146 indigniorem,
1191 3066 1288 3149 cujus
1319 3063 1451 3126 indoles
1478 3068 1540 3124 aut
1568 3057 1656 3122 ratio
1680 3053 1899 3142 ageometris
1920 3051 2203 3116 consideraretur.

674 3176 775 3264 Quod
807 3195 911 3264 quam
945 3179 1131 3247 absurdum
1170 3193 1257 3266 erat,
1300 3178 1529 3257 caesareum:
1558 3199 1596 3243 re
1622 3173 1697 3262 ipsi
1726 3187 1761 3242 et
1803 3175 1913 3250 facto,
1951 3171 2203 3238 evidentissime

673 3297 842 3381 probarit.
1075 3307 1076 3312 ’

712 3413 797 3482 'Post
838 3435 1033 3484 nucamenta
1080 3429 1240 3486 aetatem·
1271 3419 1498 3504 quamplures
1539 3415 1733 3479 floruerunt
1782 3407 1948 3488 artifices,
1997 3403 2200 3486 architecti,

673 3537 886 3622 caeterique,
923 3553 1070 3624 qaorum
1104 3539 1244 3604 nomina
1270 3540 1312 3602 ad
1335 3557 1397 3602 nos
1424 3540 1678 3619 pervenerunt,
1709 3527 1857 3613 quique,
1897 3524 2028 3590 eximiis
2061 3523 2202 3611 ingeniis

671 3657 833 3742 praediti,
859 3659 969 3726 varias
985 3657 1198 3724 invenerunt
1231 3679 1307 3734 res,
1341 3657 1383 3721 ad
1412 3654 1502 3722 ritae
1532 3655 1635 3716 usum
1668 3647 1800 3732 optime
1823 3631 2120 3722 'accommodatam
2166 3651 2201 3708 et

672 3781 804 3863 opinari
831 3779 933 3859 lieet,
959 3801 1038 3864 ecs,
1066 3771 1265 3844 mcnraams
1297 3774 1476 3858 exemplo,
1506 3762 1795 3851 inventorumque
1824 3761 1986 3832 concinnat
2006 3762 2138 3828 ratione
2168 3769 2202 3824 et

669 3899 845 3972 utilitato,
873 3903 939 3966 nisi
968 3903 1133 3968 excitatos
1149 3909 1185 3964 et
1207 3898 1394 3979 impulsos,
1429 3903 1466 3958 at
1493 3901 1587 3961 certe
1618 3891 1654 3953 in
1684 3886 1904 3971 excogitando
1929 3891 1963 3944 at
1990 3877 2200 3939 conficiendo

669 4012 811 4097 'adjutos
852 4011 973 4084 fuiaae;
1015 4013 1106 4070 fama
1133 4011 1266 4086 ‘quippe
1304 4006 1393 4066 tanti
1423 4003 1488 4067 viri
1524 4002 1616 4076 apud
1651 4015 1768 4057 ornnes
1810 3995 2045 4074 cujuscunque
2069 3991 2199 4074 generis

673 4127 825 4196 artifices
859 4135 997 4192 tantum
1028 4120 1182 4193 calebat,
1215 4127 1258 4184 'ut
1287 4117 1412 4178 'nullus
1441 4125 1529 4174 eum·
1546 4110 1638 4172 haud
1674 4104 1913 4173 admiraretur.
1972 4101 2045 4174 Nisi
2081 4116 2199 4172 autem

670 4246 876 4333 excipiamus
896 4264 1049 4314 amorra
1068 4251 1319 4308 curassemus
1332 4277 1342 4310 ,
1356 4233 1480 4296 ¹nullus
1501 4228 1572 4294 fere
1585 4224 1706 4289 doctus
1718 4221 1807 4288 inter
1825 4221 1985 4304 antiquos
2007 4221 2200 4294 mathema·

669 4369 753 4434 ticos
776 4369 966 4454 reperitur,
996 4367 1056 4452 qui
1076 4363 1111 4427 in
1130 4358 1238 4426 sarias
1257 4351 1447 4419 industriae
1462 4357 1554 4415 artes
1577 4342 1829 4428 perficiendas,
1848 4350 1951 4426 atque
1970 4339 2006 4402 in
2024 4339 2198 4407 artificum

668 4473 864 4572 meumque*
887 4484 1080 4570 peritorum
1106 4475 1245 4565 ingenia
1265 4471 1475 4543 excolenda,
1508 4483 1611 4530 omne
1642 4460 1820 4536 studium,
1853 4457 2008 4525 laborem
2038 4466 2074 4522 et
2099 4477 2198 4524 curas

670 4607 865 4674 contulerit.
866 4596 983 4692 &pus
1001 4608 1067 4670 hoc
1086 4579 1374 4666 laudatissimum
1369 4585 1627 4655 recentioribus
1641 4575 1899 4645 mathematicis
1921 4583 1996 4641 erat
2014 4573 2196 4649 relictum,

669 4727 728 4814 qni
743 4705 866 4807 illud,
882 4723 1022 4834 magni
1048 4719 1257 4789 sedulitate
1252 4723 1295 4779 ct
1320 4706 1518 4796 diligentil,
1551 4703 1647 4788 quasi
1678 4703 1821 4768 iterum
1819 4696 2052 4768 inchoarant,
2082 4688 2198 4756 omni·-

667 4825 843 4938 habilites
851 4849 899 4914 si
907 4825 1042 4933 posset,
1068 4835 1232 4906 numeris
1228 4844 1273 4900 et
1293 4815 1450 4917 partibas
1472 4811 1680 4910 explerent.
