4956 6246
648 754 691 819 so
969 742 1867 820 utuuoutststtlivttrostt

651 952 805 1019 assiduis·
827 947 920 1034 curis
942 956 977 1014 et
1002 956 1348 1022 commentationibus
1376 957 1431 1022 via
1459 953 1556 1023 nohis
1593 953 1730 1020 temtta
1763 956 1895 1024 idissut.
1940 957 2053 1043 Quam
2084 961 2188 1030 ellim*

647 1069 880 1156 quaestionem
901 1068 944 1134 de
962 1067 1153 1138 solidarum
1174 1075 1374 1144 resistentia
1394 1077 1571 1145 muclesre
1592 1081 1784 1140 tentavcrtt
1803 1083 1960 1158 summus
1979 1083 2190 1159 uincimus*

651 1209 821 1276 quamque
841 1187 1097 1259 illustrissimus
1126 1193 1327 1263 miserrume
1349 1197 1442 1262 hand
1467 1192 1796 1261 tuicierieuecessu
1825 1193 2113 1282 mnsiderav'erat,
2139 1205 2176 1266 ea

650 1310 782 1378 theoria
803 1315 906 1392 porro
926 1325 1173 1378 asmsoomrro
1194 1314 1398 1393 illustrata,
1426 1309 1607 1395 imprimis·
1624 1318 1743 1394 antem
1763 1307 1806 1376 ab
1828 1319 2191 1396 rvumo.,‘posteaqus:

649 1455 668 1496 a
693 1447 880 1496 munerato
896 1433 1126 1513 pertractata,
1161 1430 1315 1496 adhibita
1335 1449 1374 1495 ac
1396 1426 1675 1512 paeneubsolute
1703 1433 1775 1502 est,
1801 1429 1853 1494 ita
1875 1433 1919 1495 nt'
1940 1431 2192 1512 eruditissimis.

649 1551 754 1634 hujus
778 1548 851 1614 aevi
884 1545 1135 1612 mathematicis
1171 1547 1259 1614 nihil
1293 1545 1482 1624 restiterit,
1509 1563 1615 1630 quam
1645 1544 1900 1629 multiplicibus
1922 1547 2178 1633 experimentis

651 1669 823 1750 complere
849 1678 885 1733 et
908 1667 1145 1752 suppeditare,
1169 1669 1263 1750 quod
1289 1664 1400 1731 adluis
1423 1663 1691 1746 desiderabatur.
1738 1663 1903 1732 Novimus
1926 1667 2176 1743 autem,·illam

651 1785 818 1849 theoriam
850 1803 920 1850 non
951 1783 1015 1848 nisi
1045 1781 1182 1848 summi
1211 1781 1294 1850 curi
1321 1782 1490 1866 adhibiti,
1518 1793 1582 1850 dec
1614 1783 1690 1850 sine
1718 1781 1987 1870 ingeniosissime
2022 1785 2180 1860 calcula,

650 1914 728 1969 tum
754 1901 857 1969 etiam
875 1948 883 1978 ,
901 1937 946 1952 -
969 1898 1061 1986 quod
1078 1903 1191 1985 primo
1213 1901 1340 1970 obtutu
1367 1901 1496 1968 mirum
1518 1903 1669 1986 videtur,
1697 1934 1743 1957 n·-
1760 1919 1824 1985 per
1840 1898 2065 1966 tumtunm
2084 1902 2178 1970 ular-

622 2017 626 2026 “
651 2017 1028 2088 steeiemememaets
1044 2022 1625 2107 prarticularem-inrsstigatienm,
1645 2055 1691 2076 -ν
1703 2020 1892 2103 perfactam
1912 2023 2028 2088 inisse.
2059 2019 2187 2108 Quae-1

652 2152 706 2207 tos
731 2139 836 2225 igitur
860 2141 895 2202 in
914 2156 1046 2208 errores
1060 2139 1175 2207 induci
1190 2141 1440 2224 potuissemus,
1462 2147 1662 2224 mumque
1679 2135 1830 2203 suluidia
1853 2139 1950 2203 nobis
1972 2140 2178 2221 defuissent,

655 2259 720 2323 nisi
737 2259 936 2343 praecipuae
960 2258 1151 2324 matheseos
1178 2257 1375 2342 parites,‘ah
1402 2258 1471 2324 illis
1498 2256 1682 2342 praeclaris
1713 2255 1987 2330 mathematicisl
2010 2258 2182 2340 pervesti-

653 2387 750 2462 gatae
773 2385 808 2440 et
835 2376 905 2440 lere
928 2375 1099 2458 perfectae
1127 2387 1239 2442 essent
1617 2376 1622 2390 '
1693 2383 1696 2393 '
1888 2383 1891 2390 '

698 2493 767 2561 Nec
791 2495 881 2560 illud
903 2494 1049 2580 denique
1071 2503 1123 2560 est
1144 2495 1512 2581 praetermittendum,
1529 2493 1711 2580 qnodtum
1722 2488 2177 2577 :cessissemusne

652 2616 724 2682 aevi
736 2615 1060 2682 mathematicorum
1072 2615 1154 2682 cart
1171 2615 1329 2681 effectum
1341 2623 1394 2679 est
1405 2660 1415 2691 ,
1428 2623 1470 2680 ut
1485 2611 1741 2696 quamplurium
1762 2606 2028 2674 utilissimarum
2045 2611 2179 2674 machi·

654 2753 798 2817 nunni,
828 2727 1075 2819 apparatuum,
1105 2736 1420 2800 instrumentorum
1449 2741 1485 2799 et
1499 2731 1635 2798 ‘diversi
1658 2727 1791 2816 generis
1808 2727 2104 2793 constructionum
2119 2749 2181 2794 ra·

609 2911 613 2920 ,
653 2851 779 2927 tiones,
811 2853 1062 2929 ordinationes,
1091 2853 1238 2930 linessset
1260 2873 1463 2929 mensurae,
1481 2849 1741 2939 elegantissimis
1773 2848 2005 2926 schematibus
2021 2857 2055 2914 et
2075 2869 2178 2914 'exac-

654 2967 795 3031 tissimis
824 2968 1110 3052 descriptionibus
1135 2969 1367 3049 innotuerint,
1398 2979 1433 3036 et
1459 2969 1495 3033 in
1517 2967 1646 3034 artium
1665 2967 1907 3048 artificumque
1930 2964 2121 3031 maximum
2141 2976 2177 3032 ct

651 3082 883 3166 multiplicem
903 3103 1005 3148 usum
1025 3091 1246 3176 pervulgatae
1260 3087 1341 3155 sint.
1386 3085 1473 3154 Huic
1492 3088 1628 3175 negotio
1642 3089 1716 3173 jam
1735 3103 1875 3167 operam
1902 3083 2033 3150 dedisse
2054 3083 2177 3150 viden·-

653 3211 712 3266 tur
739 3203 878 3286 quidam
903 3203 1006 3271 medii
1026 3205 1099 3271 aevi
1116 3217 1292 3282 sumeres,
1313 3205 1573 3292 disciplinarum
1596 3201 1921 3284 mathematicarum
1940 3201 2031 3268 haud
2052 3199 2177 3288 ignari,

654 3317 729 3382 Etsi
754 3320 847 3384 enim
862 3339 981 3388 eorum
996 3323 1147 3407 scripta,
1169 3323 1276 3409 quod.
1292 3327 1335 3392 ad
1352 3325 1540 3412 principia
1564 3325 1818 3390 miuusexacta
1835 3327 1935 3404 sunt,
1954 3320 2177 3388 nihilominus

652 3457 693 3502 ex
720 3437 789 3502 illis
819 3448 935 3524 patet,
958 3452 1127 3526 quantum
1148 3446 1240 3511 rdet
1258 3447 1448 3515 matheseos
1470 3446 1612 3512 scintis
1638 3445 1675 3509 in
1695 3441 1864 3510 machinis
1880 3441 2175 3521 instrumentisve,

651 3557 693 3620 ad
722 3559 851 3624 artium
881 3565 984 3627 nsum
1018 3563 1245 3646 comparatis,
1260 3561 1696 3646 dilucidedcscriheridis,
1731 3571 1772 3629 et
1792 3565 1859 3646 'ope
1888 3561 2176 3628 lineamentorum

653 3675 938 3760 geometricorum
972 3684 1214 3767 exprimendis.
1273 3682 1496 3752 ·Racentiorss
1532 3688 1771 3752 verumtamen
1805 3685 2014 3768 geometris,
2048 3681 2178 3766 quippe

651 3794 873 3873 eruditiores,
893 3808 929 3865 et
949 3799 1147 3884 perfectiori
1164 3803 1340 3883 dochini,
1358 3809 1399 3870 et
1417 3800 1608 3870 multifarid
1626 3802 1762 3871 :artium
1785 3801 1946 3877 scientia,
1968 3802 2177 3893 instructos,

650 3913 714 3976 hac
736 3915 773 3976 in
796 3936 835 3980 re
861 3919 994 3984 fidicine
1017 3921 1262 3998 elaboravisse,
1280 3924 1539 4006 utilissimaque
1559 3923 1608 3990 ita
1628 3921 1755 3989 auxilia
1776 3921 1962 4018 adtulisse,
1979 3924 2102 3993 sponte
2121 3918 2176 3978 in·

651 4025 848 4111 telligitur.·
879 4033 883 4043 '
934 4077 939 4098 ,
1002 4035 1019 4086 .’“.
1105 4037 1109 4046 ’
1347 4041 1352 4050 ·
1507 4041 1511 4050 ·

696 4142 1064 4226 Feret·qrridem²'11nnc
1083 4145 1166 4212 satie
1186 4145 1413 4230 explicatum,
1429 4144 1476 4211 h.
1498 4143 1540 4210 Δ.
1566 4141 1609 4212 li.
1632 4141 1690 4210 ltt
1707 4151 1791 4228 quot
1803 4151 2004 4227 :questaque
2025 4143 2178 4212 subsisba

651 4285 694 4330 ex
739 4265 970 4332 recentiorum
1013 4267 1338 4334 mathematicorum
1376 4263 1723 4338 commentationibus
1763 4271 1807 4332 et'
1834 4263 2176 4350 parvmtiputionibns
2217 4325 2224 4334 .

651 4382 863 4466 inventisque
903 4386 1151 4468 ‘produxerim
1195 4385 1321 4469 quibui
1352 4386 1539 4454 industriae
1588 4395 1678 4486 artes
1705 4384 1946 4468 et'iristituta,
1994 4387 2177 4469 splendore

651 4523 690 4565 ac
713 4499 889 4579 utilitate,
916 4502 1101 4590 insigniter,
1126 4503 1348 4582 increverint,
1379 4505 1444 4570 ru'ri
1470 4505 1522 4570 ad·
1540 4502 1755 4589 propositum
1780 4505 1898 4568 meum
1922 4502 2115 4588 pertineret·
2136 4513 2176 4568 ut

649 4622 884 4698 ostenderem,
907 4641 1054 4706 quonam
1084 4620 1150 4688 alio
1168 4622 1321 4688 modoar
1354 4623 1436 4706 ipsis
1449 4619 1770 4688 mathematicorum
1796 4617 1967 4695 inventis,
1992 4620 2175 4705 quamplu-

650 4737 949 4808 riumiadustriae
968 4741 1103 4809 artium·
1126 4739 1234 4825 magis
1252 4741 1413 4826 perscuta-
1428 4740 1537 4820 ratio,
1562 4741 1740 4826 majorque
1759 4739 1915 4822 utilitas,
1942 4738 2174 4825 pulcherrime

648 4871 783 4928 exortae
804 4858 884 4928 sint.
915 4877 920 4886 ·
2072 4881 2075 4888 ’
