4956 6246
923 744 1200 818 ousulo.
1434 803 1439 812 .
1773 757 1816 824 53

194 991 198 1004 ·
296 964 410 1034 teneti
430 969 532 1036 sunt,
562 966 660 1027 tanto
678 957 785 1024 simul
810 955 916 1026 etism
943 956 1081 1038 labore,
1114 965 1251 1021 omnem
1276 951 1587 1018 instrumentorum
1615 957 1652 1016 et
1671 973 1814 1038 uppem.

297 1093 400 1150 tuum
430 1078 716 1148 conficiendorum
748 1087 859 1144 artem
884 1077 1048 1162 perlicere
1075 1082 1110 1140 et
1135 1070 1366 1156 amplificare,
1399 1066 1623 1153 ipsorumque
1641 1069 1815 1140 artificum

298 1197 460 1286 peritiam
482 1206 517 1263 et
541 1194 729 1262 scientiam
741 1215 884 1282 augere.
909 1193 1055 1278 denique
1073 1211 1194 1258 eorum
1213 1187 1346 1276 ingenia
1362 1186 1514 1254 excolere
1535 1193 1727 1262 sternere,
1749 1187 1815 1256 sibi

297 1324 562 1403 proposuerunt.
607 1311 652 1400 lit
679 1313 745 1380 nisi
772 1335 790 1380 e
818 1313 1144 1381 mathematicorum
1172 1307 1310 1394 scriptis
1339 1301 1594 1410 evidentissime
1623 1315 1818 1385 constaret,

298 1435 423 1523 quenti
446 1433 517 1499 sint
539 1430 661 1516 pretii,
690 1451 777 1517 quae
799 1433 863 1496 lmc
885 1430 922 1496 in
941 1439 1040 1516 perte
1060 1428 1279 1496 callidissime
1304 1423 1571 1512 excogitaverint
1594 1435 1630 1492 et
1654 1429 1819 1510 pulcher-

299 1553 389 1623 rime
414 1550 621 1640 invenerint,
647 1558 763 1616 tarnen
782 1560 925 1636 propter
949 1571 1007 1626 ca,
1030 1569 1118 1634 quse
1143 1567 1247 1632 supra
1273 1542 1428 1629 exposui,
1450 1561 1526 1606 non
1546 1543 1636 1609 foret
1656 1543 1819 1610 dubitan-

299 1670 404 1746 dum,
428 1669 512 1753 quin
527 1668 647 1735 exinde
665 1667 771 1734 molti
788 1668 977 1756 magnique.
989 1669 1145 1743 fructus,
1163 1666 1199 1729 in
1221 1663 1352 1731 artium
1371 1680 1475 1728 usum
1492 1669 1527 1726 et
1547 1661 1818 1743 incrementum,

301 1785 453 1870 decerpti
479 1785 559 1854 sint.
606 1782 736 1872 Quodsi
764 1794 841 1852 tum
873 1785 977 1853 ctiam
1007 1806 1093 1868 opus
1120 1792 1207 1849 esset
1232 1781 1418 1866 exemplis,
1446 1780 1572 1863 quibus
1588 1782 1767 1866 probarem
1786 1798 1821 1852 et

303 1903 565 1980 confirmarem,
588 1903 682 1987 quod
702 1902 768 1987 ipsi
788 1902 955 1978 artifices,
983 1902 1032 1967 ita
1058 1901 1196 1983 quidem
1218 1899 1330 1964 edocti
1344 1897 1412 1973 ,eo
1432 1897 1560 1963 talibus
1579 1899 1703 1986 ingenii
1721 1903 1821 1970 artis·

303 2039 370 2104 que
386 2019 545 2086 subsidiis
566 2019 712 2094 muniti,
733 2019 770 2082 in
787 2020 916 2084 artium
932 2020 1098 2103 maJ'orem
1120 2017 1309 2080 utilitatem
1320 2016 1475 2078 multum
1484 2027 1657 2097 praestare
1670 2022 1820 2098 valeant,

302 2137 394 2204 sicut
410 2138 566 2205 multum
586 2135 842 2220 praestiterint,
864 2135 1003 2198 nomine
1019 2131 1179 2198 retulisse
1188 2131 1358 2196 sufficeret
1368 2130 1584 2215 quorundam
1594 2135 1824 2214 praecedentis

304 2259 480 2344 hujusque
505 2255 630 2318 soeculi
654 2249 894 2316 excellentium
917 2249 1113 2327 artificum,
1135 2248 1195 2336 qui
1213 2267 1275 2332 per
1295 2248 1332 2312 id
1349 2249 1485 2324 solum,
1505 2249 1614 2330 quod,
1636 2251 1673 2315 in
1693 2256 1824 2322 mathe·

305 2345 511 2438 maticarum
538 2390 578 2434 ac
598 2367 818 2453 physicarum
836 2367 1094 2453 disciplinarum
1114 2389 1237 2446 usum,
1263 2370 1376 2434 multa
1399 2367 1651 2445 instrumenta,
1673 2372 1826 2459 itemque

305 2488 478 2554 machinas
507 2485 549 2552 ad
574 2505 612 2552 ea
644 2485 868 2564 conficienda,
900 2487 1128 2568 invenissent,
1163 2489 1275 2552 multa
1301 2487 1406 2554 etiam
1437 2504 1525 2552 nova
1546 2487 1698 2556 subsidia
1725 2493 1826 2560 variis

303 2609 377 2675 aliis
404 2607 536 2673 ortibus
561 2604 808 2690 praebuerunt.
854 2597 986 2672 Verum
1012 2615 1047 2672 et
1073 2607 1156 2672 haec
1177 2603 1454 2688 praetermittere
1473 2627 1628 2688 possem,
1649 2615 1829 2700 unumque

305 2743 482 2800 warrruar,
508 2721 772 2788 celeberrimum
802 2721 905 2788 illum
933 2721 1102 2790 artificem
1118 2721 1311 2787 nominasse
1328 2722 1411 2786 satis
1431 2721 1542 2800 foret,
1560 2725 1638 2806 qui,
1657 2748 1737 2792 cum
1753 2739 1827 2796 arte
1931 2775 1937 2788 .

304 2843 367 2908 sud
387 2851 422 2910 et
443 2839 600 2927 ingenio,
619 2849 696 2906 tum
714 2839 817 2904 etiam
836 2840 1025 2907 matheseos
1042 2821 1270 2925 physicesquc
1284 2837 1419 2904 auxiliis
1435 2860 1654 2926 summopere
1671 2847 1827 2930 adjutus,

304 2957 543 3026 admirabilem
569 2957 667 3022 illam
693 2957 905 3028 machinam,
934 2974 1038 3043 quam
1061 2955 1251 3020 otimieom
1279 2965 1421 3031 vocant,
1457 2960 1690 3036 emendasset,
1716 2963 1829 3046 perie-

307 3080 431 3155 sisset,
456 3088 492 3145 et
518 3077 561 3142 ad
591 3097 692 3142 usum
717 3077 832 3143 multo
860 3076 1021 3144 latiorem
1039 3075 1251 3160 adaptasset,
1271 3095 1396 3142 nomen
1415 3075 1611 3144 immortale
1628 3089 1829 3145 consecutus

306 3207 370 3264 est.
416 3195 554 3262 Etenim
582 3213 705 3261 novam
729 3194 799 3261 vim
826 3195 921 3280 quasi
951 3193 1175 3261 efficaciorem
1205 3191 1375 3272 reddidit,
1400 3203 1454 3278 et,
1481 3197 1555 3282 ejus
1574 3217 1655 3282 ope,
1671 3197 1830 3264 omnibus

307 3317 538 3402 cujuscunque
561 3313 692 3401 generis
715 3312 867 3415 ortibus,
887 3314 1053 3380 maximas
1075 3313 1163 3380 vires
1180 3311 1425 3398 suppeditavit.

351 3429 406 3497 Sic
427 3432 533 3520 igitur
547 3429 589 3499 A.
606 3429 647 3498 A.
663 3429 699 3498 S.
717 3429 769 3500 §.l
790 3433 918 3498 summi
935 3433 1200 3518 praeteritorum
1228 3441 1425 3516 temporum
1442 3434 1677 3501 mathematici
1692 3456 1830 3512 omnes,

310 3551 345 3612 in
369 3548 603 3634 diversissimis
630 3550 977 3618 commentationibus
1007 3572 1047 3619 ac
1073 3541 1435 3637 pervestigalionibua,
1459 3573 1556 3619 cures
1574 3555 1832 3639 impenderunt,

310 3686 374 3730 nec
396 3667 511 3732 ullum
538 3667 691 3734 laborem
721 3669 947 3738 difficiliorem
975 3679 1037 3737 aut
1061 3670 1297 3736 molestiorem
1324 3669 1626 3748 existimaverunt,
1647 3671 1834 3736 dnmmodo

310 3779 503 3866 incognite,
533 3781 638 3847 dubia
667 3792 772 3867 atque
800 3786 930 3852 incerta
952 3784 1205 3852 innotescerent
1233 3796 1270 3850 et
1297 3783 1333 3848 in
1362 3787 1478 3849 lucem
1504 3785 1691 3868 prodirent.
1735 3782 1836 3849 Nulla

310 3896 381 3960 lere
408 3915 463 3959 res
499 3895 539 3958 iis
567 3895 637 3963 fuit
665 3898 792 3976 udus,
825 3901 1032 3984 nullumque
1056 3896 1212 3963 studium
1237 3899 1427 3966 omiserunt
1452 3908 1514 3966 aut
1546 3909 1833 3984 postposuerunt,

311 4012 441 4084 donec,
464 4005 558 4090 quod
575 4007 749 4092 inquirere
767 4011 834 4074 sibi
852 3991 1118 4096 proposuerint,
1139 4012 1358 4078 invenissent.

355 4126 467 4194 lllulta
495 4125 612 4212 itaque
633 4125 832 4211 edJ‘umenta
857 4125 954 4192 nobis
986 4126 1171 4207 dederunt3
1200 4127 1430 4194 -scientiae
1456 4128 1568 4197 fontes
1593 4131 1839 4217 indagaverunt

312 4257 348 4313 et
371 4250 599 4328 aperueruut;
629 4263 858 4326 -‚errorum
884 4244 953 4311 uias
977 4252 1234 4323 monstrarunt,
1262 4255 1323 4313 aut
1349 4247 1521 4332 quomodo
1536 4248 1646 4334 detegi
1663 4257 1699 4314 et
1716 4250 1835 4326 evitari

310 4372 469 4452 possent,
498 4362 698 4428 docuerunt.
743 4339 947 4430 Per'eorom
973 4361 1274 4448 pervestigationes
1303 4375 1339 4433 et
1366 4366 1505 4452 inuenta
1524 4365 1661 4430 tandem
1676 4365 1836 4432 effectum

313 4495 383 4566 est,
402 4492 463 4574 ut,¹
476 4502 564 4567 quae
582 4479 733 4548 incuriis
749 4482 938 4548 industriae
955 4481 1087 4548 artibus
1101 4483 1253 4568 disperse
1267 4527 1277 4562 ,
1290 4483 1412 4550 diffusa
1431 4505 1470 4550 ao
1485 4481 1667 4568 dissipata,
1687 4485 1837 4570 itemque
1886 4513 1891 4522 ·

312 4601 410 4668 rudia
438 4611 473 4668 et
509 4602 712 4686 imperfecte
736 4601 908 4688 quondam
943 4601 1109 4678 inerunt,
1138 4623 1230 4668 nunc
1256 4601 1328 4668 sint
1367 4597 1538 4679 collecta,
1569 4602 1701 4690 integra
1732 4604 1838 4684 facta,

314 4719 441 4802 polita,
477 4717 705 4808 omnibusque
729 4718 878 4788 dilucide
904 4718 1066 4812 exposita.
1110 4719 1269 4807 Ipsorum
1306 4730 1426 4790 autem
1459 4719 1633 4788 ertificum
1661 4716 1837 4807 diligentia
