<?xml version="1.0" encoding="UTF-8"?>
<!DOCTYPE html PUBLIC "-//W3C//DTD XHTML 1.0 Transitional//EN"
    "http://www.w3.org/TR/xhtml1/DTD/xhtml1-transitional.dtd">
<html xmlns="http://www.w3.org/1999/xhtml" xml:lang="en" lang="en">
 <head>
  <title>
</title>
<meta http-equiv="Content-Type" content="text/html;charset=utf-8" />
  <meta name='ocr-system' content='tesseract 3.04.00' />
  <meta name='ocr-capabilities' content='ocr_page ocr_carea ocr_par ocr_line ocrx_word'/>
</head>
<body>
  <div class='ocr_page' id='page_1' title='image "annalesacademic10unkngoog_0103.png"; bbox 0 0 4904 6250; ppageno 0'>
   <div class='ocr_carea' id='block_1_1' title="bbox 630 743 1965 822">
    <p class='ocr_par' dir='ltr' id='par_1_1' title="bbox 630 743 1965 822">
     <span class='ocr_line' id='line_1_1' title="bbox 630 743 1965 822; baseline 0.001 -3"><span class='ocrx_word' id='word_1_1' title='bbox 630 755 671 820; x_wconf 72' lang='lat'><strong>⁹2</strong></span> <span class='ocrx_word' id='word_1_2' title='bbox 845 743 1058 816; x_wconf 80' lang='lat' dir='ltr'><strong>ORATIO</strong></span> <span class='ocrx_word' id='word_1_3' title='bbox 1089 743 1252 816; x_wconf 83' lang='lat' dir='ltr'><strong>PETRI</strong></span> <span class='ocrx_word' id='word_1_4' title='bbox 1285 745 1578 814; x_wconf 80' lang='lat' dir='ltr'><strong>HOFMANNI</strong></span> <span class='ocrx_word' id='word_1_5' title='bbox 1612 746 1965 822; x_wconf 76' lang='lat' dir='ltr'><strong>PEERLKAMP.</strong></span> 
     </span>
    </p>
   </div>
   <div class='ocr_carea' id='block_1_2' title="bbox 624 937 2227 3164">
    <p class='ocr_par' dir='ltr' id='par_1_2' title="bbox 624 937 2227 1644">
     <span class='ocr_line' id='line_1_2' title="bbox 626 937 2227 1044; baseline 0.004 -26"><span class='ocrx_word' id='word_1_6' title='bbox 626 973 819 1038; x_wconf 87' lang='lat' dir='ltr'><strong>purpurea,</strong></span> <span class='ocrx_word' id='word_1_7' title='bbox 853 952 954 1016; x_wconf 90' lang='lat' dir='ltr'><strong>illee</strong></span> <span class='ocrx_word' id='word_1_8' title='bbox 989 951 1201 1040; x_wconf 77' lang='lat' dir='ltr'><strong>Principibus</strong></span> <span class='ocrx_word' id='word_1_9' title='bbox 1229 951 1494 1042; x_wconf 80' lang='lat' dir='ltr'><strong>Veronemsibus</strong></span> <span class='ocrx_word' id='word_1_10' title='bbox 1515 962 1550 1021; x_wconf 87' lang='lat' dir='ltr'><strong>et</strong></span> <span class='ocrx_word' id='word_1_11' title='bbox 1571 955 1630 1040; x_wconf 90' lang='lat' dir='ltr'><strong>qui</strong></span> <span class='ocrx_word' id='word_1_12' title='bbox 1653 955 1814 1022; x_wconf 89' lang='lat' dir='ltr'><strong>comitem</strong></span> <span class='ocrx_word' id='word_1_13' title='bbox 1831 966 1986 1022; x_wconf 88' lang='lat' dir='ltr'><strong>nostram</strong></span> <span class='ocrx_word' id='word_1_14' title='bbox 2006 955 2150 1044; x_wconf 84' lang='lat' dir='ltr'><strong>Magari-</strong></span> <span class='ocrx_word' id='word_1_15' title='bbox 2223 937 2227 948; x_wconf 44' lang='lat'><em>¹</em></span> 
     </span>
     <span class='ocr_line' id='line_1_3' title="bbox 624 1069 2155 1160; baseline 0.003 -23"><span class='ocrx_word' id='word_1_16' title='bbox 624 1082 696 1137; x_wconf 88' lang='lat' dir='ltr'><strong>tam</strong></span> <span class='ocrx_word' id='word_1_17' title='bbox 715 1069 914 1157; x_wconf 73' lang='lat' dir='ltr'><strong>cognatione</strong></span> <span class='ocrx_word' id='word_1_18' title='bbox 931 1071 1146 1160; x_wconf 84' lang='lat' dir='ltr'><strong>attingebat,</strong></span> <span class='ocrx_word' id='word_1_19' title='bbox 1162 1073 1388 1153; x_wconf 80' lang='lat' dir='ltr'><strong>Boerharius‚</strong></span> <span class='ocrx_word' id='word_1_20' title='bbox 1403 1073 1427 1137; x_wconf 84' lang='lat' dir='ltr'><strong>’s</strong></span> <span class='ocrx_word' id='word_1_21' title='bbox 1438 1071 1709 1151; x_wconf 79' lang='lat' dir='ltr'><strong>Gravesandius,</strong></span> <span class='ocrx_word' id='word_1_22' title='bbox 1732 1072 2025 1152; x_wconf 84' lang='lat' dir='ltr'><strong>Hernsterbusius,</strong></span> <span class='ocrx_word' id='word_1_23' title='bbox 2051 1095 2155 1158; x_wconf 88' lang='lat' dir='ltr'><strong>quae.</strong></span> 
     </span>
     <span class='ocr_line' id='line_1_4' title="bbox 625 1189 2158 1276; baseline 0.006 -23"><span class='ocrx_word' id='word_1_24' title='bbox 625 1197 752 1274; x_wconf 87' lang='lat' dir='ltr'><strong>quanta</strong></span> <span class='ocrx_word' id='word_1_25' title='bbox 772 1189 930 1256; x_wconf 85' lang='lat' dir='ltr'><strong>nominat</strong></span> <span class='ocrx_word' id='word_1_26' title='bbox 965 1191 1078 1268; x_wconf 89' lang='lat' dir='ltr'><strong>Tum,</strong></span> <span class='ocrx_word' id='word_1_27' title='bbox 1105 1191 1163 1276; x_wconf 89' lang='lat' dir='ltr'><strong>qui</strong></span> <span class='ocrx_word' id='word_1_28' title='bbox 1178 1193 1332 1256; x_wconf 86' lang='lat' dir='ltr'><strong>omnium</strong></span> <span class='ocrx_word' id='word_1_29' title='bbox 1354 1191 1485 1256; x_wconf 90' lang='lat' dir='ltr'><strong>medius</strong></span> <span class='ocrx_word' id='word_1_30' title='bbox 1512 1193 1743 1276; x_wconf 86' lang='lat' dir='ltr'><strong>conspicitur,</strong></span> <span class='ocrx_word' id='word_1_31' title='bbox 1770 1192 1831 1257; x_wconf 91' lang='lat' dir='ltr'><strong>ille</strong></span> <span class='ocrx_word' id='word_1_32' title='bbox 1858 1191 2029 1259; x_wconf 74' lang='lat' dir='ltr'><strong>libertatis</strong></span> <span class='ocrx_word' id='word_1_33' title='bbox 2049 1191 2158 1262; x_wconf 81' lang='lat' dir='ltr'><strong>Naar-</strong></span> 
     </span>
     <span class='ocr_line' id='line_1_5' title="bbox 624 1306 2159 1397; baseline 0.007 -29"><span class='ocrx_word' id='word_1_34' title='bbox 624 1306 744 1372; x_wconf 88' lang='lat' dir='ltr'><strong>landae</strong></span> <span class='ocrx_word' id='word_1_35' title='bbox 764 1317 800 1372; x_wconf 89' lang='lat' dir='ltr'><strong>et</strong></span> <span class='ocrx_word' id='word_1_36' title='bbox 826 1307 1028 1374; x_wconf 78' lang='lat' dir='ltr'><strong>Academiae</strong></span> <span class='ocrx_word' id='word_1_37' title='bbox 1054 1317 1173 1376; x_wconf 82' lang='lat' dir='ltr'><strong>auctor</strong></span> <span class='ocrx_word' id='word_1_38' title='bbox 1195 1309 1391 1376; x_wconf 83' lang='lat' dir='ltr'><strong>Grrlielmus</strong></span> <span class='ocrx_word' id='word_1_39' title='bbox 1414 1307 1453 1381; x_wconf 91' lang='lat'><strong>1.</strong></span> <span class='ocrx_word' id='word_1_40' title='bbox 1477 1309 1514 1373; x_wconf 95' lang='lat' dir='ltr'><strong>in</strong></span> <span class='ocrx_word' id='word_1_41' title='bbox 1538 1313 1635 1396; x_wconf 85' lang='lat' dir='ltr'><strong>cnjus</strong></span> <span class='ocrx_word' id='word_1_42' title='bbox 1659 1312 1766 1377; x_wconf 90' lang='lat' dir='ltr'><strong>oculis</strong></span> <span class='ocrx_word' id='word_1_43' title='bbox 1793 1324 1828 1380; x_wconf 89' lang='lat' dir='ltr'><strong>et</strong></span> <span class='ocrx_word' id='word_1_44' title='bbox 1850 1315 1952 1378; x_wconf 81' lang='lat' dir='ltr'><strong>vultu</strong></span> <span class='ocrx_word' id='word_1_45' title='bbox 1975 1315 2159 1397; x_wconf 84' lang='lat' dir='ltr'><strong>prudentie</strong></span> 
     </span>
     <span class='ocr_line' id='line_1_6' title="bbox 625 1407 2162 1514; baseline 0.006 -25"><span class='ocrx_word' id='word_1_46' title='bbox 625 1432 660 1489; x_wconf 79' lang='lat' dir='ltr'><strong>et</strong></span> <span class='ocrx_word' id='word_1_47' title='bbox 687 1426 879 1492; x_wconf 90' lang='lat' dir='ltr'><strong>constantia</strong></span> <span class='ocrx_word' id='word_1_48' title='bbox 900 1427 1066 1510; x_wconf 85' lang='lat' dir='ltr'><strong>insident,</strong></span> <span class='ocrx_word' id='word_1_49' title='bbox 1093 1429 1190 1494; x_wconf 90' lang='lat' dir='ltr'><strong>nobis</strong></span> <span class='ocrx_word' id='word_1_50' title='bbox 1211 1428 1254 1493; x_wconf 89' lang='lat' dir='ltr'><strong>ab</strong></span> <span class='ocrx_word' id='word_1_51' title='bbox 1273 1430 1486 1496; x_wconf 76' lang='lat' dir='ltr'><strong>adolescente</strong></span> <span class='ocrx_word' id='word_1_52' title='bbox 1501 1407 1670 1507; x_wconf 74' lang='lat' dir='ltr'><strong>donatus,</strong></span> <span class='ocrx_word' id='word_1_53' title='bbox 1690 1432 1750 1514; x_wconf 92' lang='lat' dir='ltr'><strong>qui</strong></span> <span class='ocrx_word' id='word_1_54' title='bbox 1768 1453 1830 1497; x_wconf 89' lang='lat' dir='ltr'><strong>sua</strong></span> <span class='ocrx_word' id='word_1_55' title='bbox 1853 1433 2033 1499; x_wconf 90' lang='lat' dir='ltr'><strong>literarum</strong></span> <span class='ocrx_word' id='word_1_56' title='bbox 2049 1433 2162 1498; x_wconf 87' lang='lat' dir='ltr'><strong>studia</strong></span> 
     </span>
     <span class='ocr_line' id='line_1_7' title="bbox 633 1542 1904 1644; baseline 0.009 -39"><span class='ocrx_word' id='word_1_57' title='bbox 633 1547 719 1605; x_wconf 89' lang='lat' dir='ltr'><strong>tunc</strong></span> <span class='ocrx_word' id='word_1_58' title='bbox 741 1542 951 1628; x_wconf 74' lang='lat' dir='ltr'><strong>absolverat,</strong></span> <span class='ocrx_word' id='word_1_59' title='bbox 970 1565 1073 1644; x_wconf 20' lang='lat' dir='ltr'><strong>&#39;nunc</strong></span> <span class='ocrx_word' id='word_1_60' title='bbox 1093 1568 1237 1634; x_wconf 84' lang='lat' dir='ltr'><strong>regnum</strong></span> <span class='ocrx_word' id='word_1_61' title='bbox 1257 1568 1298 1614; x_wconf 91' lang='lat' dir='ltr'><strong>eo</strong></span> <span class='ocrx_word' id='word_1_62' title='bbox 1320 1548 1449 1614; x_wconf 84' lang='lat' dir='ltr'><strong>civium</strong></span> <span class='ocrx_word' id='word_1_63' title='bbox 1468 1567 1610 1614; x_wconf 90' lang='lat' dir='ltr'><strong>suorum</strong></span> <span class='ocrx_word' id='word_1_64' title='bbox 1637 1570 1754 1616; x_wconf 90' lang='lat' dir='ltr'><strong>amora</strong></span> <span class='ocrx_word' id='word_1_65' title='bbox 1784 1551 1904 1637; x_wconf 73' lang='lat' dir='ltr'><strong>gerit·</strong></span> 
     </span>
    </p>

    <p class='ocr_par' dir='ltr' id='par_1_3' title="bbox 625 1653 2164 2575">
     <span class='ocr_line' id='line_1_8' title="bbox 675 1653 2163 1750; baseline 0.004 -28"><span class='ocrx_word' id='word_1_66' title='bbox 675 1653 804 1742; x_wconf 87' lang='lat' dir='ltr'><strong>Quodsi</strong></span> <span class='ocrx_word' id='word_1_67' title='bbox 824 1679 978 1746; x_wconf 86' lang='lat' dir='ltr'><strong>unquam</strong></span> <span class='ocrx_word' id='word_1_68' title='bbox 1001 1664 1130 1729; x_wconf 90' lang='lat' dir='ltr'><strong>oratori</strong></span> <span class='ocrx_word' id='word_1_69' title='bbox 1155 1685 1296 1748; x_wconf 87' lang='lat' dir='ltr'><strong>campus</strong></span> <span class='ocrx_word' id='word_1_70' title='bbox 1317 1667 1359 1730; x_wconf 93' lang='lat' dir='ltr'><strong>ad</strong></span> <span class='ocrx_word' id='word_1_71' title='bbox 1386 1665 1568 1732; x_wconf 88' lang='lat' dir='ltr'><strong>dicendum</strong></span> <span class='ocrx_word' id='word_1_72' title='bbox 1591 1676 1730 1750; x_wconf 86' lang='lat' dir='ltr'><strong>apertus</strong></span> <span class='ocrx_word' id='word_1_73' title='bbox 1753 1668 1821 1732; x_wconf 87' lang='lat' dir='ltr'><strong>suit</strong></span> <span class='ocrx_word' id='word_1_74' title='bbox 1844 1665 2051 1741; x_wconf 86' lang='lat' dir='ltr'><strong>latissimus,</strong></span> <span class='ocrx_word' id='word_1_75' title='bbox 2077 1666 2163 1730; x_wconf 89' lang='lat' dir='ltr'><strong>mihi</strong></span> 
     </span>
     <span class='ocr_line' id='line_1_9' title="bbox 629 1775 2162 1872; baseline 0.008 -34"><span class='ocrx_word' id='word_1_76' title='bbox 629 1793 711 1838; x_wconf 84' lang='lat' dir='ltr'><strong>sane</strong></span> <span class='ocrx_word' id='word_1_77' title='bbox 723 1775 780 1840; x_wconf 85' lang='lat' dir='ltr'><strong>irio</strong></span> <span class='ocrx_word' id='word_1_78' title='bbox 795 1779 962 1860; x_wconf 84' lang='lat' dir='ltr'><strong>aperitur.</strong></span> <span class='ocrx_word' id='word_1_79' title='bbox 1010 1775 1074 1846; x_wconf 88' lang='lat' dir='ltr'><strong>Sed</strong></span> <span class='ocrx_word' id='word_1_80' title='bbox 1092 1783 1174 1848; x_wconf 87' lang='lat' dir='ltr'><strong>satis</strong></span> <span class='ocrx_word' id='word_1_81' title='bbox 1185 1783 1272 1858; x_wconf 82' lang='lat' dir='ltr'><strong>dixi,</strong></span> <span class='ocrx_word' id='word_1_82' title='bbox 1294 1793 1334 1850; x_wconf 89' lang='lat' dir='ltr'><strong>ut</strong></span> <span class='ocrx_word' id='word_1_83' title='bbox 1356 1785 1613 1871; x_wconf 85' lang='lat' dir='ltr'><strong>intelligeretis,</strong></span> <span class='ocrx_word' id='word_1_84' title='bbox 1631 1796 1801 1870; x_wconf 87' lang='lat' dir='ltr'><strong>quantum</strong></span> <span class='ocrx_word' id='word_1_85' title='bbox 1822 1789 1926 1872; x_wconf 87' lang='lat' dir='ltr'><strong>hujus</strong></span> <span class='ocrx_word' id='word_1_86' title='bbox 1944 1783 2162 1851; x_wconf 85' lang='lat' dir='ltr'><strong>Academicae</strong></span> 
     </span>
     <span class='ocr_line' id='line_1_10' title="bbox 631 1893 2163 1990; baseline 0.005 -32"><span class='ocrx_word' id='word_1_87' title='bbox 631 1893 719 1959; x_wconf 87' lang='lat' dir='ltr'><strong>sedis</strong></span> <span class='ocrx_word' id='word_1_88' title='bbox 754 1897 918 1962; x_wconf 73' lang='lat' dir='ltr'><strong>sanctitas</strong></span> <span class='ocrx_word' id='word_1_89' title='bbox 944 1898 1035 1981; x_wconf 86' lang='lat' dir='ltr'><strong>apud</strong></span> <span class='ocrx_word' id='word_1_90' title='bbox 1064 1919 1181 1964; x_wconf 84' lang='lat' dir='ltr'><strong>omnes</strong></span> <span class='ocrx_word' id='word_1_91' title='bbox 1216 1922 1295 1966; x_wconf 82' lang='lat' dir='ltr'><strong>vere</strong></span> <span class='ocrx_word' id='word_1_92' title='bbox 1329 1900 1535 1969; x_wconf 84' lang='lat' dir='ltr'><strong>Neerlandos</strong></span> <span class='ocrx_word' id='word_1_93' title='bbox 1573 1915 1608 1970; x_wconf 89' lang='lat' dir='ltr'><strong>et</strong></span> <span class='ocrx_word' id='word_1_94' title='bbox 1640 1907 1820 1990; x_wconf 90' lang='lat' dir='ltr'><strong>praecipue</strong></span> <span class='ocrx_word' id='word_1_95' title='bbox 1844 1905 1934 1990; x_wconf 89' lang='lat' dir='ltr'><strong>ipsos</strong></span> <span class='ocrx_word' id='word_1_96' title='bbox 1964 1902 2163 1969; x_wconf 87' lang='lat' dir='ltr'><strong>Academiae</strong></span> 
     </span>
     <span class='ocr_line' id='line_1_11' title="bbox 630 2016 2161 2106; baseline 0.004 -28"><span class='ocrx_word' id='word_1_97' title='bbox 630 2016 789 2081; x_wconf 88' lang='lat' dir='ltr'><strong>alumnos</strong></span> <span class='ocrx_word' id='word_1_98' title='bbox 815 2018 927 2082; x_wconf 81' lang='lat' dir='ltr'><strong>valere</strong></span> <span class='ocrx_word' id='word_1_99' title='bbox 959 2018 1094 2084; x_wconf 91' lang='lat' dir='ltr'><strong>debeat.</strong></span> <span class='ocrx_word' id='word_1_100' title='bbox 1137 2017 1215 2084; x_wconf 86' lang='lat' dir='ltr'><strong>Feci</strong></span> <span class='ocrx_word' id='word_1_101' title='bbox 1238 2019 1363 2105; x_wconf 82' lang='lat' dir='ltr'><strong>igitur,</strong></span> <span class='ocrx_word' id='word_1_102' title='bbox 1397 2023 1488 2105; x_wconf 91' lang='lat' dir='ltr'><strong>quod</strong></span> <span class='ocrx_word' id='word_1_103' title='bbox 1514 2022 1665 2106; x_wconf 85' lang='lat' dir='ltr'><strong>hospites</strong></span> <span class='ocrx_word' id='word_1_104' title='bbox 1696 2022 1846 2104; x_wconf 85' lang='lat' dir='ltr'><strong>faciunt,</strong></span> <span class='ocrx_word' id='word_1_105' title='bbox 1877 2022 1936 2104; x_wconf 92' lang='lat' dir='ltr'><strong>qui</strong></span> <span class='ocrx_word' id='word_1_106' title='bbox 1953 2023 2107 2086; x_wconf 90' lang='lat' dir='ltr'><strong>laudatos</strong></span> <span class='ocrx_word' id='word_1_107' title='bbox 2127 2030 2161 2085; x_wconf 92' lang='lat' dir='ltr'><strong>et</strong></span> 
     </span>
     <span class='ocr_line' id='line_1_12' title="bbox 639 2131 2164 2222; baseline 0.002 -25"><span class='ocrx_word' id='word_1_108' title='bbox 639 2141 770 2198; x_wconf 84' lang='lat' dir='ltr'><strong>veteres</strong></span> <span class='ocrx_word' id='word_1_109' title='bbox 802 2133 929 2197; x_wconf 90' lang='lat' dir='ltr'><strong>amicos</strong></span> <span class='ocrx_word' id='word_1_110' title='bbox 967 2131 1058 2198; x_wconf 90' lang='lat' dir='ltr'><strong>bono</strong></span> <span class='ocrx_word' id='word_1_111' title='bbox 1087 2135 1188 2198; x_wconf 82' lang='lat' dir='ltr'><strong>vultu</strong></span> <span class='ocrx_word' id='word_1_112' title='bbox 1227 2144 1262 2200; x_wconf 89' lang='lat' dir='ltr'><strong>et</strong></span> <span class='ocrx_word' id='word_1_113' title='bbox 1292 2140 1472 2202; x_wconf 80' lang='lat' dir='ltr'><strong>voluntate</strong></span> <span class='ocrx_word' id='word_1_114' title='bbox 1506 2160 1576 2202; x_wconf 90' lang='lat' dir='ltr'><strong>non</strong></span> <span class='ocrx_word' id='word_1_115' title='bbox 1603 2140 1706 2204; x_wconf 87' lang='lat' dir='ltr'><strong>inerti</strong></span> <span class='ocrx_word' id='word_1_116' title='bbox 1735 2139 1920 2222; x_wconf 89' lang='lat' dir='ltr'><strong>accipiunt.</strong></span> <span class='ocrx_word' id='word_1_117' title='bbox 1974 2137 2101 2204; x_wconf 81' lang='lat' dir='ltr'><strong>Vocari</strong></span> <span class='ocrx_word' id='word_1_118' title='bbox 2129 2137 2164 2200; x_wconf 91' lang='lat' dir='ltr'><strong>in</strong></span> 
     </span>
     <span class='ocr_line' id='line_1_13' title="bbox 629 2249 2163 2352; baseline 0.001 -36"><span class='ocrx_word' id='word_1_119' title='bbox 629 2249 770 2324; x_wconf 86' lang='lat' dir='ltr'><strong>aedem,</strong></span> <span class='ocrx_word' id='word_1_120' title='bbox 795 2269 864 2332; x_wconf 89' lang='lat' dir='ltr'><strong>qua</strong></span> <span class='ocrx_word' id='word_1_121' title='bbox 882 2249 977 2316; x_wconf 84' lang='lat' dir='ltr'><strong>vobis</strong></span> <span class='ocrx_word' id='word_1_122' title='bbox 1004 2250 1041 2314; x_wconf 92' lang='lat' dir='ltr'><strong>in</strong></span> <span class='ocrx_word' id='word_1_123' title='bbox 1072 2254 1279 2352; x_wconf 75' lang='lat' dir='ltr'><strong>totaurbc,</strong></span> <span class='ocrx_word' id='word_1_124' title='bbox 1304 2253 1375 2319; x_wconf 89' lang='lat' dir='ltr'><strong>imo</strong></span> <span class='ocrx_word' id='word_1_125' title='bbox 1394 2252 1612 2329; x_wconf 82' lang='lat' dir='ltr'><strong>Neerlandia,</strong></span> <span class='ocrx_word' id='word_1_126' title='bbox 1642 2253 1714 2317; x_wconf 86' lang='lat' dir='ltr'><strong>dari</strong></span> <span class='ocrx_word' id='word_1_127' title='bbox 1740 2264 1875 2338; x_wconf 88' lang='lat' dir='ltr'><strong>poterat</strong></span> <span class='ocrx_word' id='word_1_128' title='bbox 1893 2253 2163 2340; x_wconf 79' lang='lat' dir='ltr'><strong>magnificentior</strong></span> 
     </span>
     <span class='ocr_line' id='line_1_14' title="bbox 625 2369 2159 2455; baseline 0.001 -20"><span class='ocrx_word' id='word_1_129' title='bbox 625 2372 743 2447; x_wconf 88' lang='lat' dir='ltr'><strong>nulla,</strong></span> <span class='ocrx_word' id='word_1_130' title='bbox 772 2378 874 2452; x_wconf 89' lang='lat' dir='ltr'><strong>atque</strong></span> <span class='ocrx_word' id='word_1_131' title='bbox 895 2369 984 2435; x_wconf 89' lang='lat' dir='ltr'><strong>illud</strong></span> <span class='ocrx_word' id='word_1_132' title='bbox 1009 2378 1141 2434; x_wconf 85' lang='lat' dir='ltr'><strong>vestrae</strong></span> <span class='ocrx_word' id='word_1_133' title='bbox 1168 2371 1305 2454; x_wconf 89' lang='lat' dir='ltr'><strong>pietatis</strong></span> <span class='ocrx_word' id='word_1_134' title='bbox 1325 2380 1588 2436; x_wconf 87' lang='lat' dir='ltr'><strong>monumentum</strong></span> <span class='ocrx_word' id='word_1_135' title='bbox 1615 2371 1775 2455; x_wconf 86' lang='lat' dir='ltr'><strong>reposui,</strong></span> <span class='ocrx_word' id='word_1_136' title='bbox 1815 2370 1874 2436; x_wconf 92' lang='lat' dir='ltr'><strong>ubi</strong></span> <span class='ocrx_word' id='word_1_137' title='bbox 1905 2381 1940 2438; x_wconf 91' lang='lat' dir='ltr'><strong>et</strong></span> <span class='ocrx_word' id='word_1_138' title='bbox 1967 2372 2159 2454; x_wconf 87' lang='lat' dir='ltr'><strong>plurimum</strong></span> 
     </span>
     <span class='ocr_line' id='line_1_15' title="bbox 628 2487 1674 2575; baseline -0.002 -19"><span class='ocrx_word' id='word_1_139' title='bbox 628 2487 820 2556; x_wconf 88' lang='lat' dir='ltr'><strong>ornamenti</strong></span> <span class='ocrx_word' id='word_1_140' title='bbox 849 2489 1039 2572; x_wconf 89' lang='lat' dir='ltr'><strong>acciperet,</strong></span> <span class='ocrx_word' id='word_1_141' title='bbox 1069 2507 1178 2572; x_wconf 88' lang='lat' dir='ltr'><strong>neque</strong></span> <span class='ocrx_word' id='word_1_142' title='bbox 1200 2489 1360 2575; x_wconf 82' lang='lat' dir='ltr'><strong>exiguum</strong></span> <span class='ocrx_word' id='word_1_143' title='bbox 1388 2489 1503 2574; x_wconf 89' lang='lat' dir='ltr'><strong>ipsam</strong></span> <span class='ocrx_word' id='word_1_144' title='bbox 1524 2490 1674 2555; x_wconf 87' lang='lat' dir='ltr'><strong>adderet.</strong></span> 
     </span>
    </p>

    <p class='ocr_par' dir='ltr' id='par_1_4' title="bbox 626 2602 2159 3164">
     <span class='ocr_line' id='line_1_16' title="bbox 670 2602 2159 2691; baseline 0.002 -19"><span class='ocrx_word' id='word_1_145' title='bbox 670 2605 760 2672; x_wconf 87' lang='lat' dir='ltr'><strong>Anni</strong></span> <span class='ocrx_word' id='word_1_146' title='bbox 772 2605 872 2672; x_wconf 86' lang='lat' dir='ltr'><strong>bodie</strong></span> <span class='ocrx_word' id='word_1_147' title='bbox 884 2607 954 2672; x_wconf 86' lang='lat' dir='ltr'><strong>lere</strong></span> <span class='ocrx_word' id='word_1_148' title='bbox 969 2613 1051 2670; x_wconf 91' lang='lat' dir='ltr'><strong>sunt</strong></span> <span class='ocrx_word' id='word_1_149' title='bbox 1065 2626 1188 2672; x_wconf 85' lang='lat' dir='ltr'><strong>norem</strong></span> <span class='ocrx_word' id='word_1_150' title='bbox 1202 2652 1211 2682; x_wconf 86' lang='lat'><strong>,</strong></span> <span class='ocrx_word' id='word_1_151' title='bbox 1227 2627 1267 2672; x_wconf 83' lang='lat' dir='ltr'><strong>cx</strong></span> <span class='ocrx_word' id='word_1_152' title='bbox 1279 2626 1348 2690; x_wconf 93' lang='lat' dir='ltr'><strong>quo</strong></span> <span class='ocrx_word' id='word_1_153' title='bbox 1358 2606 1524 2674; x_wconf 83' lang='lat' dir='ltr'><strong>vexillum</strong></span> <span class='ocrx_word' id='word_1_154' title='bbox 1536 2607 1625 2671; x_wconf 93' lang='lat' dir='ltr'><strong>illud</strong></span> <span class='ocrx_word' id='word_1_155' title='bbox 1640 2604 1840 2670; x_wconf 88' lang='lat' dir='ltr'><strong>sustulistis.</strong></span> <span class='ocrx_word' id='word_1_156' title='bbox 1856 2602 2012 2682; x_wconf 84' lang='lat' dir='ltr'><strong>Reversi,</strong></span> <span class='ocrx_word' id='word_1_157' title='bbox 2023 2618 2159 2691; x_wconf 86' lang='lat' dir='ltr'><strong>praeter</strong></span> 
     </span>
     <span class='ocr_line' id='line_1_17' title="bbox 626 2717 2157 2811; baseline 0.002 -22"><span class='ocrx_word' id='word_1_158' title='bbox 626 2722 909 2798; x_wconf 76' lang='lat' dir='ltr'><strong>beekmannum,</strong></span> <span class='ocrx_word' id='word_1_159' title='bbox 962 2725 1021 2808; x_wconf 88' lang='lat' dir='ltr'><strong>qui</strong></span> <span class='ocrx_word' id='word_1_160' title='bbox 1049 2723 1186 2790; x_wconf 77' lang='lat' dir='ltr'><strong>sortiter</strong></span> <span class='ocrx_word' id='word_1_161' title='bbox 1204 2726 1386 2811; x_wconf 78' lang='lat' dir='ltr'><strong>pugnando</strong></span> <span class='ocrx_word' id='word_1_162' title='bbox 1409 2725 1500 2809; x_wconf 91' lang='lat' dir='ltr'><strong>apud</strong></span> <span class='ocrx_word' id='word_1_163' title='bbox 1511 2722 1714 2809; x_wconf 85' lang='lat' dir='ltr'><strong>Babringam</strong></span> <span class='ocrx_word' id='word_1_164' title='bbox 1736 2721 1876 2800; x_wconf 89' lang='lat' dir='ltr'><strong>cecidit,</strong></span> <span class='ocrx_word' id='word_1_165' title='bbox 1890 2717 1951 2810; x_wconf 60' lang='lat' dir='ltr'><strong>(t)</strong></span> <span class='ocrx_word' id='word_1_166' title='bbox 1975 2726 2157 2810; x_wconf 85' lang='lat' dir='ltr'><strong>paucisque</strong></span> 
     </span>
     <span class='ocr_line' id='line_1_18' title="bbox 626 2839 2155 2930; baseline -0.001 -20"><span class='ocrx_word' id='word_1_167' title='bbox 626 2843 781 2921; x_wconf 89' lang='lat' dir='ltr'><strong>amissis,</strong></span> <span class='ocrx_word' id='word_1_168' title='bbox 812 2843 871 2927; x_wconf 91' lang='lat' dir='ltr'><strong>qui</strong></span> <span class='ocrx_word' id='word_1_169' title='bbox 891 2844 947 2909; x_wconf 81' lang='lat' dir='ltr'><strong>vel</strong></span> <span class='ocrx_word' id='word_1_170' title='bbox 976 2839 1149 2908; x_wconf 83' lang='lat' dir='ltr'><strong>laboribus</strong></span> <span class='ocrx_word' id='word_1_171' title='bbox 1171 2843 1318 2910; x_wconf 89' lang='lat' dir='ltr'><strong>coniecti</strong></span> <span class='ocrx_word' id='word_1_172' title='bbox 1349 2864 1488 2930; x_wconf 79' lang='lat' dir='ltr'><strong>peregre</strong></span> <span class='ocrx_word' id='word_1_173' title='bbox 1518 2844 1573 2908; x_wconf 77' lang='lat' dir='ltr'><strong>sel</strong></span> <span class='ocrx_word' id='word_1_174' title='bbox 1599 2841 1696 2906; x_wconf 80' lang='lat' dir='ltr'><strong>brari</strong></span> <span class='ocrx_word' id='word_1_175' title='bbox 1728 2849 1804 2924; x_wconf 88' lang='lat' dir='ltr'><strong>post</strong></span> <span class='ocrx_word' id='word_1_176' title='bbox 1822 2839 1914 2906; x_wconf 81' lang='lat' dir='ltr'><strong>domi</strong></span> <span class='ocrx_word' id='word_1_177' title='bbox 1939 2861 2042 2906; x_wconf 91' lang='lat' dir='ltr'><strong>suum</strong></span> <span class='ocrx_word' id='word_1_178' title='bbox 2063 2842 2155 2910; x_wconf 87' lang='lat' dir='ltr'><strong>diem</strong></span> 
     </span>
     <span class='ocr_line' id='line_1_19' title="bbox 626 2959 2159 3046; baseline -0.003 -16"><span class='ocrx_word' id='word_1_179' title='bbox 626 2963 803 3044; x_wconf 87' lang='lat' dir='ltr'><strong>obierunt,</strong></span> <span class='ocrx_word' id='word_1_180' title='bbox 829 2959 1012 3026; x_wconf 85' lang='lat' dir='ltr'><strong>literarum</strong></span> <span class='ocrx_word' id='word_1_181' title='bbox 1031 2961 1145 3027; x_wconf 92' lang='lat' dir='ltr'><strong>studia</strong></span> <span class='ocrx_word' id='word_1_182' title='bbox 1170 2960 1390 3046; x_wconf 83' lang='lat' dir='ltr'><strong>repetivistis.</strong></span> <span class='ocrx_word' id='word_1_183' title='bbox 1437 2960 1567 3028; x_wconf 86' lang='lat' dir='ltr'><strong>Rerum</strong></span> <span class='ocrx_word' id='word_1_184' title='bbox 1603 2961 1731 3026; x_wconf 90' lang='lat' dir='ltr'><strong>interea</strong></span> <span class='ocrx_word' id='word_1_185' title='bbox 1756 2962 1951 3025; x_wconf 88' lang='lat' dir='ltr'><strong>multarum</strong></span> <span class='ocrx_word' id='word_1_186' title='bbox 1977 2961 2080 3028; x_wconf 81' lang='lat' dir='ltr'><strong>iacies</strong></span> <span class='ocrx_word' id='word_1_187' title='bbox 2106 2972 2159 3028; x_wconf 88' lang='lat' dir='ltr'><strong>est</strong></span> 
     </span>
     <span class='ocr_line' id='line_1_20' title="bbox 626 3075 2156 3164; baseline -0.006 -16"><span class='ocrx_word' id='word_1_188' title='bbox 626 3090 788 3158; x_wconf 85' lang='lat' dir='ltr'><strong>mutata,</strong></span> <span class='ocrx_word' id='word_1_189' title='bbox 814 3100 878 3146; x_wconf 82' lang='lat' dir='ltr'><strong>nec</strong></span> <span class='ocrx_word' id='word_1_190' title='bbox 908 3077 1065 3164; x_wconf 85' lang='lat' dir='ltr'><strong>deinceps</strong></span> <span class='ocrx_word' id='word_1_191' title='bbox 1098 3077 1229 3142; x_wconf 87' lang='lat' dir='ltr'><strong>mutari</strong></span> <span class='ocrx_word' id='word_1_192' title='bbox 1262 3076 1405 3142; x_wconf 91' lang='lat' dir='ltr'><strong>desinet.</strong></span> <span class='ocrx_word' id='word_1_193' title='bbox 1450 3075 1647 3160; x_wconf 74' lang='lat' dir='ltr'><strong>deliquistis</strong></span> <span class='ocrx_word' id='word_1_194' title='bbox 1671 3075 1914 3146; x_wconf 76' lang='lat' dir='ltr'><strong>Academiam.</strong></span> <span class='ocrx_word' id='word_1_195' title='bbox 1942 3078 2156 3143; x_wconf 88' lang='lat' dir='ltr'><strong>alteralteri</strong></span> 
     </span>
    </p>
   </div>
   <div class='ocr_carea' id='block_1_3' title="bbox 501 3193 2160 3286">
    <p class='ocr_par' dir='ltr' id='par_1_5' title="bbox 501 3193 2160 3286">
     <span class='ocr_line' id='line_1_21' title="bbox 501 3193 2160 3286; baseline -0.009 -15"><span class='ocrx_word' id='word_1_196' title='bbox 501 3221 506 3232; x_wconf 86' lang='lat'><strong>·</strong></span> <span class='ocrx_word' id='word_1_197' title='bbox 627 3201 764 3270; x_wconf 87' lang='lat' dir='ltr'><strong>muneri</strong></span> <span class='ocrx_word' id='word_1_198' title='bbox 785 3201 821 3268; x_wconf 91' lang='lat' dir='ltr'><strong>in</strong></span> <span class='ocrx_word' id='word_1_199' title='bbox 850 3199 1028 3286; x_wconf 78' lang='lat' dir='ltr'><strong>republica</strong></span> <span class='ocrx_word' id='word_1_200' title='bbox 1054 3197 1288 3282; x_wconf 83' lang='lat' dir='ltr'><strong>praepositus,</strong></span> <span class='ocrx_word' id='word_1_201' title='bbox 1322 3199 1410 3263; x_wconf 84' lang='lat' dir='ltr'><strong>altar</strong></span> <span class='ocrx_word' id='word_1_202' title='bbox 1434 3193 1567 3280; x_wconf 81' lang='lat' dir='ltr'><strong>privata</strong></span> <span class='ocrx_word' id='word_1_203' title='bbox 1593 3205 1710 3266; x_wconf 88' lang='lat' dir='ltr'><strong>curat.</strong></span> <span class='ocrx_word' id='word_1_204' title='bbox 1734 3196 1798 3262; x_wconf 90' lang='lat' dir='ltr'><strong>viri</strong></span> <span class='ocrx_word' id='word_1_205' title='bbox 1829 3195 1932 3276; x_wconf 89' lang='lat' dir='ltr'><strong>estis,</strong></span> <span class='ocrx_word' id='word_1_206' title='bbox 1959 3217 2027 3262; x_wconf 95' lang='lat' dir='ltr'><strong>non</strong></span> <span class='ocrx_word' id='word_1_207' title='bbox 2061 3195 2160 3278; x_wconf 88' lang='lat' dir='ltr'><strong>pauci</strong></span> 
     </span>
    </p>
   </div>
   <div class='ocr_carea' id='block_1_4' title="bbox 628 3301 2163 4210">
    <p class='ocr_par' dir='ltr' id='par_1_6' title="bbox 631 3301 1061 3408">
     <span class='ocr_line' id='line_1_22' title="bbox 631 3301 1061 3408; baseline -0.007 -19"><span class='ocrx_word' id='word_1_208' title='bbox 631 3324 735 3390; x_wconf 86' lang='lat' dir='ltr'><strong>stiam</strong></span> <span class='ocrx_word' id='word_1_209' title='bbox 757 3331 874 3408; x_wconf 86' lang='lat' dir='ltr'><strong>patras</strong></span> <span class='ocrx_word' id='word_1_210' title='bbox 897 3301 1061 3386; x_wconf 78' lang='lat' dir='ltr'><strong>¹familias.</strong></span> 
     </span>
    </p>

    <p class='ocr_par' dir='ltr' id='par_1_7' title="bbox 628 3433 2163 4210">
     <span class='ocr_line' id='line_1_23' title="bbox 674 3433 2157 3518; baseline -0.007 -12"><span class='ocrx_word' id='word_1_211' title='bbox 674 3439 727 3508; x_wconf 91' lang='lat' dir='ltr'><strong>lta</strong></span> <span class='ocrx_word' id='word_1_212' title='bbox 751 3439 919 3516; x_wconf 81' lang='lat' dir='ltr'><strong>nimirum</strong></span> <span class='ocrx_word' id='word_1_213' title='bbox 940 3455 1012 3504; x_wconf 84' lang='lat' dir='ltr'><strong>aeae</strong></span> <span class='ocrx_word' id='word_1_214' title='bbox 1038 3437 1168 3504; x_wconf 89' lang='lat' dir='ltr'><strong>habent</strong></span> <span class='ocrx_word' id='word_1_215' title='bbox 1197 3446 1321 3503; x_wconf 88' lang='lat' dir='ltr'><strong>cuncta</strong></span> <span class='ocrx_word' id='word_1_216' title='bbox 1351 3437 1523 3504; x_wconf 88' lang='lat' dir='ltr'><strong>mortalia.</strong></span> <span class='ocrx_word' id='word_1_217' title='bbox 1568 3433 1697 3502; x_wconf 87' lang='lat' dir='ltr'><strong>Stabile</strong></span> <span class='ocrx_word' id='word_1_218' title='bbox 1714 3443 1775 3502; x_wconf 88' lang='lat' dir='ltr'><strong>aut</strong></span> <span class='ocrx_word' id='word_1_219' title='bbox 1791 3443 2000 3518; x_wconf 85' lang='lat' dir='ltr'><strong>perpetuum</strong></span> <span class='ocrx_word' id='word_1_220' title='bbox 2027 3433 2157 3498; x_wconf 82' lang='lat' dir='ltr'><strong>trustra</strong></span> 
     </span>
     <span class='ocr_line' id='line_1_24' title="bbox 632 3551 2160 3644; baseline -0.006 -22"><span class='ocrx_word' id='word_1_221' title='bbox 632 3559 842 3644; x_wconf 83' lang='lat' dir='ltr'><strong>quaerimus.</strong></span> <span class='ocrx_word' id='word_1_222' title='bbox 888 3555 1006 3626; x_wconf 86' lang='lat' dir='ltr'><strong>Unum</strong></span> <span class='ocrx_word' id='word_1_223' title='bbox 1036 3566 1151 3623; x_wconf 88' lang='lat' dir='ltr'><strong>tamen</strong></span> <span class='ocrx_word' id='word_1_224' title='bbox 1172 3556 1301 3640; x_wconf 89' lang='lat' dir='ltr'><strong>aliquid</strong></span> <span class='ocrx_word' id='word_1_225' title='bbox 1319 3555 1355 3620; x_wconf 93' lang='lat' dir='ltr'><strong>in</strong></span> <span class='ocrx_word' id='word_1_226' title='bbox 1381 3554 1580 3621; x_wconf 86' lang='lat' dir='ltr'><strong>Neerlandia</strong></span> <span class='ocrx_word' id='word_1_227' title='bbox 1599 3565 1635 3620; x_wconf 86' lang='lat' dir='ltr'><strong>et</strong></span> <span class='ocrx_word' id='word_1_228' title='bbox 1657 3556 1692 3619; x_wconf 94' lang='lat' dir='ltr'><strong>in</strong></span> <span class='ocrx_word' id='word_1_229' title='bbox 1715 3555 1778 3618; x_wconf 88' lang='lat' dir='ltr'><strong>hec</strong></span> <span class='ocrx_word' id='word_1_230' title='bbox 1800 3552 1872 3637; x_wconf 85' lang='lat' dir='ltr'><strong>ipsa</strong></span> <span class='ocrx_word' id='word_1_231' title='bbox 1889 3551 2069 3618; x_wconf 79' lang='lat' dir='ltr'><strong>Academia</strong></span> <span class='ocrx_word' id='word_1_232' title='bbox 2090 3558 2160 3623; x_wconf 89' lang='lat' dir='ltr'><strong>est,</strong></span> 
     </span>
     <span class='ocr_line' id='line_1_25' title="bbox 629 3670 2162 3763; baseline -0.007 -21"><span class='ocrx_word' id='word_1_233' title='bbox 629 3677 724 3763; x_wconf 88' lang='lat' dir='ltr'><strong>quod</strong></span> <span class='ocrx_word' id='word_1_234' title='bbox 744 3695 853 3760; x_wconf 88' lang='lat' dir='ltr'><strong>neque</strong></span> <span class='ocrx_word' id='word_1_235' title='bbox 866 3673 1046 3760; x_wconf 57' lang='lat' dir='ltr'><strong>&#39;temporis</strong></span> <span class='ocrx_word' id='word_1_236' title='bbox 1070 3675 1281 3741; x_wconf 85' lang='lat' dir='ltr'><strong>diuturnitas</strong></span> <span class='ocrx_word' id='word_1_237' title='bbox 1305 3693 1415 3757; x_wconf 88' lang='lat' dir='ltr'><strong>neque</strong></span> <span class='ocrx_word' id='word_1_238' title='bbox 1442 3673 1622 3738; x_wconf 88' lang='lat' dir='ltr'><strong>hominum</strong></span> <span class='ocrx_word' id='word_1_239' title='bbox 1645 3671 1761 3758; x_wconf 91' lang='lat' dir='ltr'><strong>opinio</strong></span> <span class='ocrx_word' id='word_1_240' title='bbox 1783 3670 1933 3736; x_wconf 88' lang='lat' dir='ltr'><strong>delebit:</strong></span> <span class='ocrx_word' id='word_1_241' title='bbox 1961 3671 2055 3755; x_wconf 90' lang='lat' dir='ltr'><strong>quod</strong></span> <span class='ocrx_word' id='word_1_242' title='bbox 2074 3670 2162 3733; x_wconf 89' lang='lat' dir='ltr'><strong>vires</strong></span> 
     </span>
     <span class='ocr_line' id='line_1_26' title="bbox 631 3786 2163 3876; baseline -0.005 -18"><span class='ocrx_word' id='word_1_243' title='bbox 631 3793 676 3858; x_wconf 87' lang='lat' dir='ltr'><strong>ab</strong></span> <span class='ocrx_word' id='word_1_244' title='bbox 696 3791 793 3858; x_wconf 88' lang='lat' dir='ltr'><strong>annis</strong></span> <span class='ocrx_word' id='word_1_245' title='bbox 817 3789 1036 3859; x_wconf 79' lang='lat' dir='ltr'><strong>volventibus</strong></span> <span class='ocrx_word' id='word_1_246' title='bbox 1066 3791 1233 3876; x_wconf 88' lang='lat' dir='ltr'><strong>acquirit.</strong></span> <span class='ocrx_word' id='word_1_247' title='bbox 1265 3791 1358 3875; x_wconf 90' lang='lat' dir='ltr'><strong>quod</strong></span> <span class='ocrx_word' id='word_1_248' title='bbox 1377 3800 1556 3857; x_wconf 88' lang='lat' dir='ltr'><strong>aeternum</strong></span> <span class='ocrx_word' id='word_1_249' title='bbox 1574 3788 1744 3856; x_wconf 86' lang='lat' dir='ltr'><strong>manebit:</strong></span> <span class='ocrx_word' id='word_1_250' title='bbox 1769 3786 1885 3852; x_wconf 87' lang='lat' dir='ltr'><strong>omnia</strong></span> <span class='ocrx_word' id='word_1_251' title='bbox 1912 3787 2004 3852; x_wconf 91' lang='lat' dir='ltr'><strong>enim</strong></span> <span class='ocrx_word' id='word_1_252' title='bbox 2028 3793 2163 3852; x_wconf 88' lang='lat' dir='ltr'><strong>muten-</strong></span> 
     </span>
     <span class='ocr_line' id='line_1_27' title="bbox 628 3905 2159 3996; baseline -0.004 -18"><span class='ocrx_word' id='word_1_253' title='bbox 628 3921 706 3988; x_wconf 85' lang='lat' dir='ltr'><strong>tur.</strong></span> <span class='ocrx_word' id='word_1_254' title='bbox 723 3931 861 3979; x_wconf 87' lang='lat' dir='ltr'><strong>summa</strong></span> <span class='ocrx_word' id='word_1_255' title='bbox 873 3909 1001 3976; x_wconf 88' lang='lat' dir='ltr'><strong>intimis</strong></span> <span class='ocrx_word' id='word_1_256' title='bbox 1020 3909 1244 3976; x_wconf 85' lang='lat' dir='ltr'><strong>misceantur:</strong></span> <span class='ocrx_word' id='word_1_257' title='bbox 1275 3907 1431 3975; x_wconf 89' lang='lat' dir='ltr'><strong>studium</strong></span> <span class='ocrx_word' id='word_1_258' title='bbox 1453 3909 1579 3996; x_wconf 77' lang='lat' dir='ltr'><strong>gloriae</strong></span> <span class='ocrx_word' id='word_1_259' title='bbox 1593 3913 1765 3996; x_wconf 86' lang='lat' dir='ltr'><strong>majorum</strong></span> <span class='ocrx_word' id='word_1_260' title='bbox 1782 3917 1897 3974; x_wconf 91' lang='lat' dir='ltr'><strong>sancte</strong></span> <span class='ocrx_word' id='word_1_261' title='bbox 1916 3905 2159 3972; x_wconf 83' lang='lat' dir='ltr'><strong>conservandae</strong></span> 
     </span>
     <span class='ocr_line' id='line_1_28' title="bbox 631 4021 2159 4116; baseline -0.006 -22"><span class='ocrx_word' id='word_1_262' title='bbox 631 4037 667 4094; x_wconf 81' lang='lat' dir='ltr'><strong>et</strong></span> <span class='ocrx_word' id='word_1_263' title='bbox 688 4047 786 4092; x_wconf 89' lang='lat' dir='ltr'><strong>amor</strong></span> <span class='ocrx_word' id='word_1_264' title='bbox 820 4026 882 4088; x_wconf 89' lang='lat' dir='ltr'><strong>Dei</strong></span> <span class='ocrx_word' id='word_1_265' title='bbox 911 4035 947 4088; x_wconf 84' lang='lat' dir='ltr'><strong>et</strong></span> <span class='ocrx_word' id='word_1_266' title='bbox 978 4026 1125 4108; x_wconf 84' lang='lat' dir='ltr'><strong>patriae,</strong></span> <span class='ocrx_word' id='word_1_267' title='bbox 1155 4043 1242 4090; x_wconf 81' lang='lat' dir='ltr'><strong>noro</strong></span> <span class='ocrx_word' id='word_1_268' title='bbox 1269 4025 1335 4088; x_wconf 85' lang='lat' dir='ltr'><strong>hoc</strong></span> <span class='ocrx_word' id='word_1_269' title='bbox 1364 4034 1400 4088; x_wconf 92' lang='lat' dir='ltr'><strong>et</strong></span> <span class='ocrx_word' id='word_1_270' title='bbox 1433 4025 1562 4089; x_wconf 90' lang='lat' dir='ltr'><strong>illustri</strong></span> <span class='ocrx_word' id='word_1_271' title='bbox 1591 4028 1748 4105; x_wconf 85' lang='lat' dir='ltr'><strong>exemplo</strong></span> <span class='ocrx_word' id='word_1_272' title='bbox 1782 4028 2018 4116; x_wconf 80' lang='lat' dir='ltr'><strong>consecratus.</strong></span> <span class='ocrx_word' id='word_1_273' title='bbox 2052 4021 2159 4085; x_wconf 86' lang='lat' dir='ltr'><strong>nullis</strong></span> 
     </span>
     <span class='ocr_line' id='line_1_29' title="bbox 628 4139 1011 4210; baseline -0.01 0"><span class='ocrx_word' id='word_1_274' title='bbox 628 4141 826 4210; x_wconf 84' lang='lat' dir='ltr'><strong>mutabitur</strong></span> <span class='ocrx_word' id='word_1_275' title='bbox 857 4139 1011 4208; x_wconf 87' lang='lat' dir='ltr'><strong>saeculis.</strong></span> 
     </span>
    </p>
   </div>
   <div class='ocr_carea' id='block_1_5' title="bbox 1313 4376 1486 4444">
    <p class='ocr_par' dir='ltr' id='par_1_8' title="bbox 1313 4376 1486 4444">
     <span class='ocr_line' id='line_1_30' title="bbox 1313 4376 1486 4444; baseline 0.006 -1"><span class='ocrx_word' id='word_1_276' title='bbox 1313 4376 1486 4444; x_wconf 84' lang='lat' dir='ltr'><strong>DIXl.</strong></span> 
     </span>
    </p>
   </div>
   <div class='ocr_carea' id='block_1_6' title="bbox 624 4609 2147 5110">
    <p class='ocr_par' dir='ltr' id='par_1_9' title="bbox 624 4609 2147 5110">
     <span class='ocr_line' id='line_1_31' title="bbox 685 4609 2147 4690; baseline 0 -19"><span class='ocrx_word' id='word_1_277' title='bbox 685 4616 731 4688; x_wconf 82' lang='lat'><strong>(⁸)</strong></span> <span class='ocrx_word' id='word_1_278' title='bbox 759 4615 850 4686; x_wconf 85' lang='lat' dir='ltr'><strong>Quia</strong></span> <span class='ocrx_word' id='word_1_279' title='bbox 879 4615 979 4670; x_wconf 83' lang='lat' dir='ltr'><strong>nostris</strong></span> <span class='ocrx_word' id='word_1_280' title='bbox 1009 4609 1146 4668; x_wconf 85' lang='lat' dir='ltr'><strong>vulnerati</strong></span> <span class='ocrx_word' id='word_1_281' title='bbox 1173 4623 1258 4681; x_wconf 83' lang='lat' dir='ltr'><strong>sunt,</strong></span> <span class='ocrx_word' id='word_1_282' title='bbox 1285 4611 1316 4670; x_wconf 89' lang='lat' dir='ltr'><strong>hi</strong></span> <span class='ocrx_word' id='word_1_283' title='bbox 1338 4609 1555 4668; x_wconf 82' lang='lat' dir='ltr'><strong>convaluerunt:</strong></span> <span class='ocrx_word' id='word_1_284' title='bbox 1586 4625 1669 4689; x_wconf 89' lang='lat' dir='ltr'><strong>atque</strong></span> <span class='ocrx_word' id='word_1_285' title='bbox 1698 4613 1753 4670; x_wconf 87' lang='lat' dir='ltr'><strong>hoa</strong></span> <span class='ocrx_word' id='word_1_286' title='bbox 1780 4613 1861 4688; x_wconf 75' lang='lat' dir='ltr'><strong>loco,</strong></span> <span class='ocrx_word' id='word_1_287' title='bbox 1889 4615 2042 4689; x_wconf 71' lang='lat' dir='ltr'><strong>corrigam,</strong></span> <span class='ocrx_word' id='word_1_288' title='bbox 2071 4615 2147 4690; x_wconf 89' lang='lat' dir='ltr'><strong>quod</strong></span> 
     </span>
     <span class='ocr_line' id='line_1_32' title="bbox 649 4714 1884 4793; baseline -0.002 -19"><span class='ocrx_word' id='word_1_289' title='bbox 649 4721 678 4774; x_wconf 91' lang='lat' dir='ltr'><strong>in</strong></span> <span class='ocrx_word' id='word_1_290' title='bbox 698 4717 875 4774; x_wconf 86' lang='lat' dir='ltr'><strong>annotatione</strong></span> <span class='ocrx_word' id='word_1_291' title='bbox 895 4715 931 4770; x_wconf 89' lang='lat' dir='ltr'><strong>ad</strong></span> <span class='ocrx_word' id='word_1_292' title='bbox 954 4715 1108 4770; x_wconf 73' lang='lat' dir='ltr'><strong>ontionem</strong></span> <span class='ocrx_word' id='word_1_293' title='bbox 1125 4715 1192 4770; x_wconf 90' lang='lat' dir='ltr'><strong>anni</strong></span> <span class='ocrx_word' id='word_1_294' title='bbox 1206 4714 1355 4790; x_wconf 74' lang='lat' dir='ltr'><strong>superioris</strong></span> <span class='ocrx_word' id='word_1_295' title='bbox 1374 4731 1437 4791; x_wconf 72' lang='lat' dir='ltr'><strong>pag.</strong></span> <span class='ocrx_word' id='word_1_296' title='bbox 1455 4715 1492 4788; x_wconf 83' lang='lat'><strong>9⁵</strong></span> <span class='ocrx_word' id='word_1_297' title='bbox 1508 4716 1613 4792; x_wconf 80' lang='lat' dir='ltr'><strong>scripsi.</strong></span> <span class='ocrx_word' id='word_1_298' title='bbox 1653 4719 1754 4793; x_wconf 85' lang='lat' dir='ltr'><strong>Scripsi</strong></span> <span class='ocrx_word' id='word_1_299' title='bbox 1773 4726 1884 4772; x_wconf 84' lang='lat' dir='ltr'><strong>autem:</strong></span> 
     </span>
     <span class='ocr_line' id='line_1_33' title="bbox 624 4821 2144 4902; baseline -0.001 -22"><span class='ocrx_word' id='word_1_300' title='bbox 624 4879 627 4886; x_wconf 86' lang='grc'>,</span> <span class='ocrx_word' id='word_1_301' title='bbox 686 4825 760 4902; x_wconf 80' lang='lat' dir='ltr'><strong>Quod</strong></span> <span class='ocrx_word' id='word_1_302' title='bbox 775 4825 802 4880; x_wconf 82' lang='lat' dir='ltr'><strong>ia</strong></span> <span class='ocrx_word' id='word_1_303' title='bbox 828 4823 885 4878; x_wconf 78' lang='lat' dir='ltr'><strong>aliia</strong></span> <span class='ocrx_word' id='word_1_304' title='bbox 907 4821 1050 4876; x_wconf 69' lang='lat' dir='ltr'><strong>Acadeuiis</strong></span> <span class='ocrx_word' id='word_1_305' title='bbox 1074 4842 1155 4896; x_wconf 78' lang='lat' dir='ltr'><strong>neque</strong></span> <span class='ocrx_word' id='word_1_306' title='bbox 1172 4821 1297 4876; x_wconf 73' lang='lat' dir='ltr'><strong>micanti</strong></span> <span class='ocrx_word' id='word_1_307' title='bbox 1322 4841 1402 4896; x_wconf 80' lang='lat' dir='ltr'><strong>acqua</strong></span> <span class='ocrx_word' id='word_1_308' title='bbox 1423 4823 1489 4877; x_wconf 80' lang='lat' dir='ltr'><strong>caesi</strong></span> <span class='ocrx_word' id='word_1_309' title='bbox 1501 4823 1597 4898; x_wconf 76' lang='lat' dir='ltr'><strong>fram,</strong></span> <span class='ocrx_word' id='word_1_310' title='bbox 1621 4823 1666 4880; x_wconf 85' lang='lat' dir='ltr'><strong>boc</strong></span> <span class='ocrx_word' id='word_1_311' title='bbox 1683 4843 1753 4878; x_wconf 75' lang='lat' dir='ltr'><strong>canu</strong></span> <span class='ocrx_word' id='word_1_312' title='bbox 1779 4835 1806 4877; x_wconf 84' lang='lat' dir='ltr'><strong>at</strong></span> <span class='ocrx_word' id='word_1_313' title='bbox 1821 4843 1871 4879; x_wconf 80' lang='lat' dir='ltr'><strong>sors</strong></span> <span class='ocrx_word' id='word_1_314' title='bbox 1886 4824 1946 4878; x_wconf 76' lang='lat' dir='ltr'><strong>tettt</strong></span> <span class='ocrx_word' id='word_1_315' title='bbox 1963 4826 2000 4880; x_wconf 82' lang='lat' dir='ltr'><strong>ita</strong></span> <span class='ocrx_word' id='word_1_316' title='bbox 2026 4823 2144 4888; x_wconf 68' lang='lat' dir='ltr'><strong>mierum.</strong></span> 
     </span>
     <span class='ocr_line' id='line_1_34' title="bbox 650 4923 2147 5002; baseline 0.001 -23"><span class='ocrx_word' id='word_1_317' title='bbox 650 4923 772 5002; x_wconf 74' lang='lat' dir='ltr'><strong>Sinpuios</strong></span> <span class='ocrx_word' id='word_1_318' title='bbox 799 4927 968 4994; x_wconf 81' lang='lat' dir='ltr'><strong>Academiae,</strong></span> <span class='ocrx_word' id='word_1_319' title='bbox 999 4927 1165 5000; x_wconf 75' lang='lat' dir='ltr'><strong>provincias,</strong></span> <span class='ocrx_word' id='word_1_320' title='bbox 1188 4925 1284 4993; x_wconf 68' lang='lat' dir='ltr'><strong>dracas,</strong></span> <span class='ocrx_word' id='word_1_321' title='bbox 1312 4925 1404 4979; x_wconf 73' lang='lat' dir='ltr'><strong>milites</strong></span> <span class='ocrx_word' id='word_1_322' title='bbox 1428 4937 1527 5002; x_wconf 71' lang='lat' dir='ltr'><strong>pamm</strong></span> <span class='ocrx_word' id='word_1_323' title='bbox 1551 4928 1668 4980; x_wconf 60' lang='lat' dir='ltr'><strong>ratariae</strong></span> <span class='ocrx_word' id='word_1_324' title='bbox 1686 4929 1749 5000; x_wconf 80' lang='lat' dir='ltr'><strong>jure</strong></span> <span class='ocrx_word' id='word_1_325' title='bbox 1771 4928 1818 4980; x_wconf 84' lang='lat' dir='ltr'><strong>sibi</strong></span> <span class='ocrx_word' id='word_1_326' title='bbox 1840 4929 1975 4984; x_wconf 75' lang='lat' dir='ltr'><strong>vindicant.</strong></span> <span class='ocrx_word' id='word_1_327' title='bbox 2014 4929 2073 4984; x_wconf 84' lang='lat' dir='ltr'><strong>Hoc</strong></span> <span class='ocrx_word' id='word_1_328' title='bbox 2090 4943 2147 4982; x_wconf 80' lang='lat' dir='ltr'><strong>uon</strong></span> 
     </span>
     <span class='ocr_line' id='line_1_35' title="bbox 652 5025 1820 5110; baseline 0.003 -28"><span class='ocrx_word' id='word_1_329' title='bbox 652 5043 750 5086; x_wconf 71' lang='lat' dir='ltr'><strong>aarum</strong></span> <span class='ocrx_word' id='word_1_330' title='bbox 773 5042 823 5088; x_wconf 84' lang='lat' dir='ltr'><strong>cat.</strong></span> <span class='ocrx_word' id='word_1_331' title='bbox 860 5035 931 5090; x_wconf 79' lang='lat' dir='ltr'><strong>Nam</strong></span> <span class='ocrx_word' id='word_1_332' title='bbox 949 5039 977 5086; x_wconf 90' lang='lat' dir='ltr'><strong>ct</strong></span> <span class='ocrx_word' id='word_1_333' title='bbox 996 5025 1102 5086; x_wconf 75' lang='lat' dir='ltr'><strong>damni</strong></span> <span class='ocrx_word' id='word_1_334' title='bbox 1118 5025 1280 5088; x_wconf 85' lang='lat' dir='ltr'><strong>Academiae</strong></span> <span class='ocrx_word' id='word_1_335' title='bbox 1296 5029 1490 5106; x_wconf 73' lang='lat' dir='ltr'><strong>Groninganae</strong></span> <span class='ocrx_word' id='word_1_336' title='bbox 1508 5027 1629 5088; x_wconf 81' lang='lat' dir='ltr'><strong>habuere</strong></span> <span class='ocrx_word' id='word_1_337' title='bbox 1649 5027 1820 5110; x_wconf 81' lang='lat' dir='ltr'><strong>vulneratos.</strong></span> 
     </span>
    </p>
   </div>
   <div class='ocr_carea' id='block_1_7' title="bbox 0 0 2456 6244">
    <p class='ocr_par' dir='ltr' id='par_1_10' title="bbox 0 0 2456 6244">
     <span class='ocr_line' id='line_1_36' title="bbox 0 0 2456 6244; baseline 0 0"><span class='ocrx_word' id='word_1_338' title='bbox 0 0 2456 6244; x_wconf 95' lang='lat' dir='ltr'><strong> </strong></span> 
     </span>
    </p>
   </div>
  </div>
 </body>
</html>
