4918 6254
918 801 1192 892 orario.
1781 815 1823 880 ss

295 1032 350 1078 me
375 1010 409 1072 in
436 1007 590 1076 ordinem
612 1015 768 1074 vestrum
789 1007 955 1092 recipite,
986 1007 1311 1092 benevolentiaque
1346 1004 1428 1071 estis
1454 1001 1743 1088 complectimini,
1760 1012 1832 1079 imo

295 1135 328 1190 et
344 1124 534 1193 amicitiam
550 1133 707 1193 vestram·
717 1124 804 1190 mihi
818 1126 910 1192 haud
925 1127 1096 1214 denegate.
1145 1122 1269 1191 Vestra
1286 1142 1342 1186 me
1358 1141 1422 1208 ope
1439 1130 1475 1187 et
1494 1121 1658 1206 patientia
1681 1123 1829 1210 indigere

292 1245 425 1320 sentio,
452 1253 589 1311 atvero
616 1253 728 1310 vestra
755 1243 870 1310 lavore
894 1243 1075 1332 indignum
1099 1264 1155 1309 me
1175 1262 1244 1308 non
1264 1259 1404 1326 prorsus
1432 1239 1686 1324 praestiturum
1714 1249 1829 1306 sancte

295 1364 472 1448 polliceor.
518 1360 694 1450 Collegam
717 1381 774 1426 me
800 1361 976 1446 experturi
999 1363 1081 1432 ¹estis
1100 1361 1136 1426 in
1151 1360 1274 1427 multis
1293 1356 1389 1424 vobis
1410 1357 1600 1433 minorem,
1622 1358 1730 1422 animi
1752 1378 1832 1424 vero

293 1479 506 1556 sinceritate,
526 1489 561 1546 et
583 1500 664 1548 vero
684 1499 842 1566 ergavos
860 1479 1075 1548 observantia
1095 1480 1224 1547 nemini
1244 1478 1444 1546 secundum.
1494 1531 1496 1534 .

336 1594 442 1663 Vobis
485 1599 688 1682 praesertim
734 1620 789 1664 mc
829 1603 1050 1685 commendo,
1093 1601 1218 1687 quibus
1247 1597 1433 1666 eorundem
1465 1593 1669 1696 studiorum
1699 1594 1831 1661 ratione

295 1711 423 1778 arctius
452 1714 667 1806 obstringor,
692 1715 945 1804 Theologorum
968 1720 1004 1782 in
1034 1721 1098 1784 bac
1124 1715 1307 1784 Academia
1337 1710 1580 1780 antecessores!
1628 1707 1696 1774 Nec
1715 1717 1830 1776 tamen

291 1831 547 1900 benevolentiae
583 1845 717 1903 vestrae
760 1859 816 1903 me
844 1839 1047 1904 commendo
1059 1859 1069 1917 ς
1112 1840 1199 1901 banc
1223 1837 1317 1904 enim
1347 1839 1420 1919 jam
1449 1833 1510 1898 diu
1540 1839 1701 1916 expertus
1729 1851 1826 1911 sum3

294 1952 407 2035 potius
437 1955 605 2023 auxilium
643 1967 798 2025 vestrum
833 1958 994 2041 imploro.
1039 1955 1088 2022 Ne
1116 1955 1265 2022 consiliis
1293 1954 1422 2039 parcite
1449 1971 1513 2016 neo
1546 1951 1707 2027 monitis,
1748 1950 1826 2020 Viri

294 2071 439 2158 egregii!
469 2082 530 2148 ut,
544 2076 651 2142 vestri
672 2075 802 2143 instar,
820 2091 893 2138 rem
906 2091 1019 2138 meam
1030 2072 1066 2135 in
1083 2073 1147 2134 hac
1165 2071 1346 2134 Academia
1360 2070 1446 2132 hene
1466 2085 1581 2149 agam,
1603 2087 1665 2130 nec
1686 2087 1826 2147 prorsus

292 2187 451 2275 indignus
495 2210 701 2278 appaream,
740 2189 800 2272 qui
845 2185 974 2254 Vobis,
1009 2187 1051 2250 de
1082 2206 1121 2250 re
1159 2182 1363 2269 Theologica
1399 2179 1471 2247 tam
1502 2183 1634 2270 egregie
1674 2184 1826 2262 meritis,

293 2308 477 2393 adjunctus
495 2309 591 2396 sim.¹

339 2426 386 2490 Te
419 2444 499 2489 cum
531 2423 693 2500 intuear,
727 2418 942 2487 Venerabilis
972 2419 1142 2486 uuarrssr!
1182 2421 1368 2506 praeterita
1399 2419 1513 2485 multa
1545 2419 1582 2483 in
1621 2421 1825 2486 memoriam

292 2550 510 2610 revocantur.
556 2540 721 2608 iuvenem
758 2561 815 2607 me
848 2539 1031 2616 recordor,
1069 2539 1106 2602 in
1148 2539 1234 2605 urbe
1258 2539 1346 2605 mibi
1379 2541 1509 2624 patria,
1538 2549 1598 2607 tua
1620 2542 1694 2628 jam
1726 2542 1828 2608 domo

294 2666 495 2744 exceptum,
528 2667 564 2725 et
590 2657 713 2724 deinde
740 2679 820 2725 curn
845 2657 882 2722 in
915 2656 1038 2725 studiis
1061 2657 1146 2722 meis
1166 2667 1242 2724 tum
1270 2661 1473 2755 praesertim
1495 2659 1532 2725 in
1552 2679 1694 2725 munere
1715 2661 1826 2728 eccle·

294 2777 431 2844 siastico
453 2778 624 2866 gerendo,
653 2779 878 2844 fautoremte
901 2795 1035 2861 semper
1055 2796 1127 2841 esse
1145 2785 1338 2860 expertum.
1385 2773 1450 2853 Sed
1472 2787 1511 2848 et
1535 2776 1599 2850 alia
1617 2786 1719 2854 aunt,
1739 2796 1825 2860 qnae

296 2914 438 2980 prorsus
474 2893 575 2961 silere
611 2913 760 2980 nequeo,
790 2905 826 2961 et
856 2905 971 2960 tamen
991 2894 1046 2959 vix
1065 2901 1204 2980 tangere
1223 2895 1350 2972 audeo,
1372 2917 1414 2964 ne
1435 2869 1618 2980 paternum
1640 2899 1825 2964 refricetur

292 3015 432 3080 vulnus.
454 3012 483 3078 F
484 3013 584 3078 ilium
599 3022 700 3081 tuum
711 3014 842 3102 cogito,
859 3014 1024 3082 eximium
1034 3012 1155 3096 illum,
1174 3021 1273 3078 tanto
1284 3022 1380 3098 patre
1393 3012 1556 3100 dignum,
1574 3034 1679 3100 quem
1691 3016 1825 3100 quoties

292 3141 436 3217 reputo,
459 3139 584 3216 reputo
611 3140 729 3198 autem
758 3133 934 3220 quotidie,
965 3131 1065 3198 amici
1095 3131 1288 3199 arctissimo
1319 3131 1456 3201 vinculo
1486 3132 1624 3201 mecum
1650 3136 1824 3234 conjuncti

294 3249 498 3338 desiderium
524 3250 704 3317 excitatur.
751 3251 803 3318 Tu
824 3249 949 3318 novisti
975 3259 1160 3328 mutuum,
1182 3251 1243 3338 qui
1265 3249 1352 3315 mibi
1376 3270 1456 3319 cum
1474 3252 1548 3338 ipso
1571 3252 1822 3336 intercedebat,

294 3388 466 3447 amorem3
493 3371 582 3436 etsi
606 3370 689 3456 quid
720 3378 794 3448 cst,
828 3391 897 3456 quo
931 3371 1152 3455 superbiam,
1193 3370 1257 3434 hoc
1283 3378 1355 3452 est,
1390 3369 1482 3454 quod
1514 3377 1552 3436 tu
1580 3377 1739 3454 ereptum
1758 3368 1824 3438 tibi

293 3483 406 3550 filium
426 3486 637 3577 depingens,
663 3508 742 3556 cum
764 3489 871 3574 ipsius
900 3489 1061 3570 nomine,
1093 3509 1213 3557 meum
1231 3509 1358 3556 nomen
1375 3485 1571 3586 'honorifice
1601 3486 1823 3573 copulaveris.

295 3601 348 3666 Tu
377 3602 503 3690 igitur,
533 3603 603 3672 Vir·
622 3605 850 3674 Gravissimel
893 3608 957 3672 filii
992 3607 1044 3673 tui
1073 3608 1224 3675 amicum
1256 3627 1371 3676 amore
1409 3607 1611 3690 complecti,
1637 3616 1671 3672 et
1699 3623 1823 3688 magna

295 3725 356 3782 tua
378 3720 587 3804 experientia
617 3745 733 3811 regere
758 3747 802 3792 ne
828 3745 990 3802 recuses;
1018 3727 1083 3790 boc
1115 3722 1253 3809 insuper
1293 3724 1402 3800 sinas,
1432 3733 1473 3788 ut
1503 3745 1542 3794 ea
1570 3731 1605 3788 te
1632 3719 1824 3786 reverentia

294 3852 503 3933 prosequar,
529 3857 615 3922 quae
638 3839 729 3922 patri
759 3839 914 3904 debetur.

338 3950 451 4016 Aliter
469 3962 509 4016 tu
526 3954 613 4016 mihi
635 3956 862 4039 appellandus
886 3977 939 4033 es,
962 3953 1200 4022 Eruditissime
1229 3971 1295 4020 var
1319 3952 1465 4020 assaret
1489 3961 1567 4019 ante
1588 3954 1649 4018 hos
1665 3953 1819 4039 quinque

294 4067 513 4134 arimannos
545 4070 683 4156 ignotus
714 4074 765 4136 lui
802 4073 886 4147 tibi,
920 4076 1017 4160 cnjus
1054 4095 1116 4159 ego
1145 4074 1273 4138 famam
1311 4067 1542 4156 suspiciebam
1577 4078 1612 4136 et
1641 4069 1815 4137 laboribus

294 4187 452 4265 fruebar3
476 4187 534 4253 sed
557 4187 599 4253 ab
628 4209 667 4255 eo
693 4189 771 4255 iude
796 4198 974 4274 tempore,
998 4209 1066 4274 quo
1090 4189 1247 4256 ecclesiae
1273 4211 1328 4256 res
1349 4211 1411 4256 nos
1440 4189 1594 4274 primum
1622 4190 1818 4275 conjunxit,

295 4314 334 4370 tu
344 4304 459 4372 favore
480 4313 542 4371 tuo
558 4325 615 4370 me
635 4307 794 4392 prosequi
816 4315 851 4372 et
868 4305 1037 4374 amicitias
1055 4307 1269 4375 documentis
1281 4328 1401 4374 ornare
1416 4327 1597 4396 nunquam
1616 4309 1816 4397 dedignatus

294 4443 340 4488 es.
385 4419 511 4506 Accipe
537 4421 626 4509 grati
653 4423 758 4489 animi
787 4423 1063 4491 testificationem
1089 4445 1152 4508 pro
1178 4445 1301 4512 magna
1333 4445 1429 4510 cura,
1471 4447 1539 4512 qua
1569 4437 1605 4495 et
1632 4439 1751 4510 antea,
1782 4440 1817 4497 et

295 4541 477 4624 postquam
507 4540 576 4614 huc
610 4541 743 4609 delatus
770 4561 865 4618 sum,
898 4563 992 4608 meae
1021 4543 1167 4610 utilitati
1200 4541 1405 4623 inserviisli,
1439 4555 1556 4616 etms
1581 4557 1616 4615 te
1647 4549 1819 4638 magnifa-

297 4658 442 4725 cientem
463 4678 577 4725 amare
598 4679 712 4747 perge.

341 4771 473 4859 Ecquid
497 4774 561 4841 tibi
587 4775 717 4854 dicam,
744 4775 973 4843 Dilectissime
1003 4775 1098 4843 nrsr!
1125 4797 1272 4862 quocum
1303 4777 1346 4844 ab
1371 4779 1510 4848 ineunte
1541 4780 1656 4848 studio
1686 4779 1818 4849 Acade-

298 4891 403 4968 mico,
443 4911 512 4960 non
539 4895 729 4964 sodalitatis
767 4905 905 4964 tantum
935 4895 1125 4974 literariae,
1158 4898 1218 4962 sed
1258 4897 1363 4962 etiam
1399 4897 1570 4966 amicitiae
1600 4899 1737 4966 vinculo
1761 4898 1811 4965 fui

1460 5015 1488 5080 L
