4918 6254
641 712 801 832 rnrar
828 761 1143 859 =rrourrauur
1185 761 1526 834 resultent.
1789 769 1836 836 er

308 973 452 1057 majores
472 969 610 1034 saeculo
636 968 717 1036 ante
743 979 950 1056 eoceperent
977 968 1160 1054 Hispanos.
1206 967 1421 1037 Christianus
1440 963 1636 1040 Mutuus,
1666 964 1837 1038 Professor

302 1082 589 1163 mathematioee,
615 1103 737 1172 sgmen
765 1087 1036 1154 adolescentum
1064 1083 1351 1154 Academicorum
1379 1081 1598 1168 oonpoeuile
1625 1082 1793 1150 minut!
1819 1109 1839 1150 u

302 1201 585 1291 -burgimegistris
627 1203 778 1288 recapit,
816 1223 963 1291 reoque
998 1205 1128 1272 milites
1163 1225 1260 1272 arma
1300 1213 1472 1288 tractare,
1512 1201 1645 1270 ordines
1679 1211 1837 1282 neure,

307 1321 438 1410 vigilias
467 1321 579 1399 obire,
616 1321 803 1389 stationem
832 1322 948 1402 tueri,
972 1331 1071 1390 tanta
1094 1341 1176 1388 oum
1200 1323 1378 1411 diligentia
1406 1343 1447 1390 ao
1468 1320 1595 1408 peritis
1621 1319 1761 1403 docuit,
1781 1332 1835 1404 nt,

308 1439 368 1524 qui
387 1450 582 1525 spectatum
607 1439 806 1516 =veniseent3
834 1439 938 1509 etiarn
958 1449 1091 1518 veteres
1108 1437 1274 1519 militiae,
1298 1441 1384 1510 satis
1416 1438 1578 1508 adm‘nari
1596 1459 1666 1506 non
1687 1447 1840 1523 possent.

308 1554 395 1620 lluio
431 1563 550 1641 portee
586 1557 694 1624 Albae
733 1567 769 1624 et
803 1557 961 1644 contigui
998 1577 1135 1645 aggeres
1164 1558 1474 1628 committebantur
1499 1556 1720 1627 defendendi.
1763 1554 1839 1622 Non

307 1673 399 1740 coeli
421 1685 633 1760 tempestas,
660 1697 730 1743 non
756 1673 825 1744 dies
851 1687 1040 1763 noctesque
1073 1676 1290 1746 cononuene
1322 1700 1423 1747 curae
1441 1679 1596 1746 mimum
1623 1675 1839 1762 frangebant.

304 1791 403 1876 dpsae
434 1813 475 1858 er
504 1792 698 1882 Bodegrava
726 1804 762 1861 et
794 1793 1047 1870 bnamerdamo
1073 1806 1251 1882 surgentes
1269 1797 1430 1865 dammae
1456 1798 1567 1886 megin
1598 1797 1837 1864 incenderunt.

307 1908 450 1978 Carolus
467 1913 667 1992 Demetiue,
685 1914 859 1981 Professor
874 1911 1051 1990 chemino,
1073 1912 1272 1996 proximum
1293 1934 1315 1980 a
1332 1915 1531 1984 centurione
1544 1913 1702 1983 Meldero
1719 1915 1838 1981 locum

302 2039 446 2103 ttenens,
469 2033 506 2096 in
514 2033 625 2099 armis
635 2027 932 2116 conspiciebatur·

350 2147 465 2234 Neque
481 2151 564 2216 alios
586 2161 722 2235 postea,
746 2167 855 2230 neque
865 2147 1075 2229 Kamperum
1087 2153 1211 2212 nostra
1224 2145 1393 2212 memoria
1405 2147 1520 2213 ullum
1544 2147 1837 2226 eiteediscrimen

308 2266 496 2342 deterruit,
528 2266 711 2349 quominus
737 2263 913 2329 laboranti
934 2261 1064 2346 patriae
1077 2274 1336 2332 succurrerent
1381 2264 1491 2354 Atqui
1507 2265 1636 2334 sciebat
1650 2269 1731 2339 ille,
1758 2266 1841 2352 quid

213 2373 218 2382 '
307 2381 391 2465 ipsi,
419 2379 448 2444 si
465 2379 502 2443 in
523 2399 645 2445 manns
672 2377 986 2464 Napolecnteorum
1003 2378 1162 2446 militum
1183 2381 1376 2460 incidissit,
1402 2395 1604 2470 pmsrotm,
1626 2395 1663 2453 et
1683 2386 1839 2452 omnium

306 2495 429 2562 animis
450 2515 490 2560 ac
511 2498 760 2580 propemodum
789 2496 897 2565 oculis
912 2517 1010 2564 saeve
1030 2497 1255 2567 inhaerebant
1267 2501 1455 2588 supplicia,
1476 2505 1519 2574 de
1545 2504 1680 2572 duobus
1704 2512 1838 2580 sumta,

307 2633 349 2682 na
370 2612 491 2680 seditio
516 2612 650 2697 plebeia
672 2625 822 2685 caeteros
842 2615 1021 2682 Leidenree
1044 2620 1216 2697 traheret,
1243 2630 1352 2706 utque
1376 2632 1472 2692 metu
1490 2623 1527 2688 in
1544 2623 1658 2689 officio
1675 2643 1715 2689 ao
1734 2623 1839 2689 serri-

300 2731 648 2801 seterennerentnr.
754 2767 758 2778 ·
798 2709 821 2779 '·

354 2849 437 2929 Sed,
461 2854 554 2938 qnod
568 2853 606 2917 ln
623 2863 776 2922 aetatem
788 2864 824 2922 et
841 2873 968 2922 munus
991 2852 1202 2924 Curatorum
1226 2877 1266 2924 ec
1282 2856 1516 2927 Professornm
1535 2877 1605 2926 non
1625 2857 1708 2926 eden
1723 2857 1814 2925 cedit
1829 2905 1839 2938 ,

307 2973 413 3039 armis
428 2974 639 3060 sarcinisque
654 2983 795 3041 onustos
809 2975 849 3038 in
859 2973 1175 3061 agmine'inoedere,
1195 2975 1349 3062 frigeret
1365 2979 1536 3047 calorem.
1546 2978 1676 3044 famem
1691 2997 1731 3042 sc
1743 2975 1839 3045 sitim

309 3091 473 3168 tolerare,
503 3094 641 3158 hostem
660 3091 697 3156 ln
712 3091 793 3160 acie
810 3091 999 3179 adspicere,
1018 3093 1203 3160 uulnerare
1219 3113 1259 3160 ec
1275 3094 1466 3178 merari,
1488 3089 1681 3174 trucidare,
1701 3101 1839 3179 cepere,

310 3208 509 3296 sanguinem
526 3219 562 3276 et
581 3221 735 3278 mortem
749 3211 865 3280 videre
881 3233 992 3298 neque
1008 3220 1127 3280 tamen
1153 3212 1268 3280 animo
1286 3212 1514 3290 commoveri,
1534 3213 1601 3278 boo
1619 3211 1702 3296 pubi
1715 3211 1840 3279 doede-

311 3323 419 3392 mioae
445 3328 715 3408 terentiacum,
745 3347 855 3416 neque
872 3349 1048 3415 nuquam,
1064 3328 1095 3394 si
1114 3349 1195 3396 uam
1222 3329 1375 3414 veniret,
1390 3337 1603 3398 recreatum.
1635 3329 1840 3396 llecusatnm

309 3441 452 3508 sutem?
491 3443 567 3512 Imo
594 3455 668 3513 tam
708 3448 805 3517 aride
830 3467 961 3533 semper
997 3445 1172 3530 petitum,
1206 3456 1248 3514 nt
1280 3446 1429 3533 impetus
1455 3451 1566 3517 fuerit
1592 3451 1839 3526 retardandos,

311 3562 470 3628 voluntas
483 3583 663 3650 nunqnam
691 3566 916 3634 incendenda.
958 3563 1016 3632 A&
1053 3566 1142 3632 16⁷2
1174 3564 1299 3634 llector
1320 3578 1357 3635 at
1372 3577 1511 3636 sennes
1528 3579 1754 3645 censuerunt,
1782 3588 1842 3634 ne·

313 3677 465 3750 minem,
485 3691 527 3748 ut
543 3703 640 3751 mma
652 3697 825 3763 sumeret,
841 3705 912 3751 esec
928 3683 1196 3749 adhortandum:
1220 3684 1322 3768 idque
1337 3687 1527 3771 prudenter
1544 3689 1718 3760 fremunt,
1735 3682 1840 3753 ctiam
1938 3771 1942 3776 Ι

310 3802 495 3882 pereutum
530 3817 650 3866 musa:
700 3804 832 3890 ingenti
870 3811 986 3868 umen
1015 3819 1171 3866 numero
1210 3821 1308 3866 arma
1340 3811 1552 3869 summunt.
1614 3799 1836 3868 maritante

300 3913 455 3978 -inertem
482 3934 555 3980 essa
570 3917 746 3986 urbenam
773 3915 957 4000 militiam,
988 3924 1134 4004 anguste
1166 3915 1386 4001 explicandae
1416 3916 1540 3982 virtuti
1562 3912 1721 3992 momnis,
1742 3935 1841 4003 aegre

302 4029 438 4099 cereno
473 4041 568 4098 sunt.
622 4030 753 4102 Scitote
781 4045 906 4104 tamen
941 4055 1056 4100 unum
1085 4053 1178 4100 ,cum
1207 4034 1340 4098 civibus
1371 4029 1512 4098 armnb
1540 4030 1716 4116 θηρία..
1757 4029 1838 4108 Ilio,

301 4147 491 4220 cornelius
507 4149 601 4220 llius
612 4198 622 4231 ‚
635 4153 796 4222 moribus
814 4152 994 4241 etegragio
1010 4153 1198 4220 literarum
1218 4151 1334 4218 stadio
1345 4149 1532 4225 excellens,
1552 4157 1674 4215 contra
1690 4147 1839 4217 Francos

310 4269 448 4338 fortiter
469 4272 654 4351 dimicem,
687 4293 795 4360 prope
829 4270 1040 4350 Woerdem,
1070 4271 1193 4339 multia
1230 4270 1442 4352 interiectis,
1467 4269 1539 4353 ipre
1561 4267 1701 4336 ‘cecidit
1745 4267 1841 4336 Jaost

307 4391 467 4480 sepultus
481 4390 525 4456 in
554 4392 635 4459 aeda
655 4389 777 4460 Sancti
799 4389 915 4468 Petri,
946 4399 1002 4469 ot,
1017 4390 1052 4456 si
1076 4390 1151 4476 ipse
1164 4398 1430 4475 nonexspectet
1448 4390 1698 4475 perscrutanti
1718 4407 1840 4457 monn·

309 4519 491 4589 mentum,
514 4511 595 4604 quis
616 4511 783 4592 dubitet,
809 4511 903 4598 qood
925 4518 1041 4598 W
1056 4507 1273 4596 posteritet'u
1287 4506 1521 4576 sitoffieiumi
1565 4506 1660 4595 lpse,
1678 4507 1839 4593 inquam,

304 4629 341 4694 si
357 4633 490 4698 mortni
502 4634 570 4701 lroc
589 4630 956 4709 monteronem,
982 4649 1054 4696 non
1072 4627 1246 4714 exspuent
1258 4671 1268 4705 ,
1281 4633 1401 4712 neque
1417 4647 1457 4698 ea
1474 4649 1536 4714 spe
1560 4636 1665 4715 atque
1680 4627 1839 4716 opinione
1896 4687 1903 4702 .

314 4745 445 4814 animes
452 4747 623 4836 juveniles
642 4759 793 4818 mortem
814 4758 1053 4817 contemnunt.
1098 4747 1200 4818 Dicat
1214 4746 1276 4815 ille
1289 4746 1445 4825 Pollius,
1467 4746 1553 4834 qnid
1564 4745 1682 4834 ipsum
1694 4746 1841 4814 mouerit

312 4845 355 4929 ut
386 4863 599 4936 nummo
621 4870 708 4936 dnos
732 4870 769 4934 ln
785 4867 959 4936 ,meeber
980 4867 1141 4943 deelllnis
1160 4868 1485 4953 ‘umqum-nain
1498 4865 1649 4954 triginta
1668 4883 1838 4932 morum

301 4993 433 5054 uonna
454 4983 636 5057 Mesenae
651 4985 857 5078 pugnaret?
896 4985 1028 5075 ,Dicant
1041 4988 1111 5076 rqoi
1131 5007 1174 5056 ee
1188 5009 1232 5056 :n
1256 4984 1520 5064 :lmoocxun
1537 4989 1615 5074 jam
1629 4984 1839 5054 retenone
