4956 6246
922 767 1200 838 ORATIO.
1465 817 1469 824 -
1788 773 1834 842 4⁸

356 977 512 1064 Longum
540 976 714 1044 enimvero
748 977 851 1042 illum
883 975 988 1042 medii
1019 977 1092 1044 aevi
1121 982 1273 1040 treetum
1299 973 1329 1040 si
1364 973 1621 1057 percurrimus.
1663 979 1738 1042 solo
1767 979 1831 1048 etsl

309 1096 418 1166 fertili
439 1098 651 1181 praeditam,
693 1109 807 1164 tamen
843 1097 1033 1173 incultum,
1075 1096 1249 1180 spinisque
1287 1117 1326 1162 uo
1361 1095 1475 1160 dumis
1509 1092 1638 1178 ubique
1666 1096 1833 1162 munitm

308 1215 483 1304 regionem
500 1217 709 1300 perlustrare
733 1213 830 1279 nobis
854 1215 1009 1282 videmur
1016 1257 1027 1289 ,
1053 1214 1114 1280 ubi
1132 1235 1203 1280 sese
1224 1215 1281 1281 vix
1302 1215 1451 1280 offerunt
1473 1214 1639 1298 quaedem
1661 1210 1825 1297 spatiolo,

312 1332 453 1400 amoeni
470 1335 642 1400 viriditate
658 1334 860 1420 gaudentia,
889 1343 950 1402 out
970 1354 1050 1402 reru
1078 1335 1270 1400 incolarum
1292 1333 1410 1400 lubere
1430 1332 1684 1416 quodammodo
1708 1331 1835 1398 iuneti·

312 1454 408 1518 fesa..
439 1449 494 1518 Sie
513 1453 638 1540 igitur,
657 1473 745 1537 quoe
765 1474 785 1518 a
803 1453 919 1542 paneis
946 1455 1119 1520 veteribus
1135 1452 1404 1522 mathematicis,
1421 1449 1614 1518 incredibili
1642 1445 1842 1527 industries

312 1570 536 1654 omniumque
572 1572 699 1637 virium
737 1571 977 1655 contentione,
1024 1594 1064 1638 ex
1100 1572 1224 1638 abditis
1259 1568 1511 1654 reoonditisque
1547 1569 1630 1638 loeis
1661 1577 1836 1653 protracta

315 1689 472 1764 fuerent,
501 1699 536 1755 et
553 1708 659 1772 quae,
686 1690 786 1755 rudia
809 1690 989 1775 primum,
1024 1709 1104 1756 mox
1120 1695 1195 1778 jem
1217 1691 1436 1777 aliquantum
1470 1691 1707 1755 eonformete.
1738 1687 1831 1753 incili

314 1803 453 1887 quidem
470 1804 585 1871 labore
607 1806 716 1890 polita
738 1818 773 1872 et
792 1809 971 1892 splendida
991 1812 1102 1884 fectu,
1134 1831 1173 1872 ec
1199 1809 1278 1874 usui
1307 1809 1454 1894 denique
1478 1806 1724 1892 pretiosissimo
1748 1805 1836 1870 fuis-

310 1927 408 1997 sent,
435 1921 484 1988 sio
509 1923 592 1988 bueo
618 1927 753 2006 omnin,
781 1951 843 2014 per
871 1939 986 1995 totum
1013 1931 1103 1992 illud
1135 1931 1328 1992 multorum
1355 1935 1571 1996 saeculorum
1590 1930 1834 2006 intervallum,

312 2038 524 2106 ineleborata
552 2050 588 2106 et
626 2045 697 2111 iere
734 2048 864 2112 intaeta
889 2050 1084 2132 J‘aouerunt.
1129 2043 1284 2127 quue
1315 2045 1344 2108 si
1377 2047 1554 2110 interdum
1587 2049 1737 2122 merint,
1775 2047 1835 2132 qui

312 2157 480 2244 singulari
508 2158 687 2236 scientiae,
716 2173 777 2228 eut
804 2163 888 2226 artis
919 2163 1096 2246 cujusdem
1124 2163 1373 2244 promovendae
1391 2184 1507 2230 amore
1539 2164 1689 2239 incitati,
1718 2135 1839 2248 quide

314 2276 487 2342 veteribus
517 2278 649 2338 laetum
686 2280 939 2360 productumve
976 2281 1108 2357 fueret,
1144 2282 1305 2364 perlicere
1340 2292 1401 2349 eut
1431 2283 1613 2350 extendere
1649 2287 1685 2346 et
1715 2279 1837 2348 utilius

312 2392 453 2458 reddere
479 2391 591 2455 eonati
608 2393 705 2469 sint,
733 2413 856 2480 parum
877 2397 942 2461 hoe
959 2399 1073 2464 velere
1093 2398 1230 2481 potuit,
1262 2417 1360 2476 eum,
1389 2401 1481 2484 quod
1501 2397 1544 2464 ab
1565 2397 1618 2461 hle
1638 2406 1837 2481 susceptum

316 2514 442 2593 lueret,
464 2509 508 2575 eb
526 2510 630 2592 eliis,
660 2514 721 2598 qui
740 2512 990 2600 sequebantur,
1014 2537 1092 2582 raro
1122 2518 1371 2590 sustineretur,
1390 2521 1499 2585 immo
1523 2518 1639 2604 petius
1665 2518 1839 2603 relinque·

313 2641 423 2698 retur.

330 2748 497 2845 ‘Renetis
514 2759 633 2814 eutem
657 2750 804 2833 litteris,
835 2752 1033 2837 disciplinae
1056 2755 1319 2822 mathematicae
1346 2773 1481 2838 quoque
1510 2761 1647 2820 renatae
1674 2761 1776 2833 sunt,
1803 2761 1840 2818 et

311 2865 409 2932 brevi
433 2866 611 2952 insigniter
630 2864 863 2938 adoleverunt.
908 2871 954 2938 Et
974 2882 1051 2937 tum
1074 2874 1179 2939 etiem
1194 2874 1305 2940 variae
1323 2883 1432 2950 artes,
1462 2895 1501 2938 ex
1515 2871 1691 2939 uberrime
1711 2874 1836 2937 berum

314 2983 572 3069 disciplinarum
596 2987 826 3054 subsidiorum
858 2989 970 3074 oepit,
993 2992 1083 3056 ultae
1106 3001 1141 3057 et
1167 2992 1317 3058 nutritoe
1343 3003 1445 3062 eunt,
1472 3011 1551 3058 eum
1579 2991 1744 3075 permulti
1772 2989 1838 3056 viri

312 3105 423 3182 docti,
452 3105 586 3192 ingenio
619 3117 655 3172 et
690 3107 847 3174 doctrind
881 3107 1119 3192 perillustres.
1149 3109 1287 3174 bonorie
1314 3109 1424 3195 gratie
1449 3117 1483 3176 et
1509 3109 1671 3176 scientiae
1696 3107 1837 3186 erdore;

313 3245 375 3290 nee
392 3225 551 3309 praemiis
574 3228 753 3311 expositis,
770 3228 860 3294 inter
871 3249 906 3293 se
918 3237 1115 3306 uerterunt,
1133 3229 1175 3294 de
1187 3229 1287 3293 laude
1296 3228 1486 3294 eorundum
1504 3227 1762 3312 disciplinarum
1774 3249 1838 3303 ,u-

312 3359 399 3422 quae
423 3346 526 3429 vulgo
551 3343 988 3431 physico-mstdmtstieoe
1004 3346 1286 3425 dicebantur,-
1309 3345 1837 3436 investigandorum.multoque

312 3461 416 3527 latius
438 3464 778 3547 amplificandum,
800 3476 855 3544 et,
879 3469 1186 3551 quomodocunque
1203 3468 1278 3533 fleri
1289 3477 1413 3553 posset,
1441 3469 1484 3531 ed
1500 3484 1603 3531 usum
1624 3474 1662 3530 et
1679 3465 1836 3530 iruotum

311 3579 592 3646 odbibeuderum.

361 3694 553 3762 Glevum
576 3703 641 3765 nisi
659 3704 832 3787 primum,
857 3713 893 3769 at
923 3715 1017 3774 certe
1046 3705 1136 3770 inter
1167 3705 1297 3789 primos
1328 3706 1500 3772 cernimus
1533 3700 1679 3766 nominis
1708 3697 1837 3762 nobili·

317 3823 390 3878 tute
427 3813 655 3894 eminentem,
695 3820 776 3902 qui,
827 3794 955 3886 eximii*
975 3823 1099 3905 ingenii
1139 3825 1295 3886 aestutiae
1327 3824 1513 3896 adductus,
1541 3820 1701 3882 incitatus
1732 3823 1864 3897 elque'

315 3931 522 4012 propulsus,
544 3935 724 4002 veritatem
744 3939 925 4022 indagare,
947 3947 982 4002 et
1002 3939 1090 4001 bene
1109 3939 1236 4000 almum
1263 3939 1378 4002 lucem
1408 3957 1472 4019 per
1494 3953 1651 4001 errorum
1670 3934 1828 3998 tenebret
1902 3995 1908 4000 .

316 4047 457 4146 efferre,
476 4047 611 4114 summi
632 4073 695 4134 ope
718 4053 813 4116 nisus
831 4063 895 4118 est.
941 4052 1053 4116 Multo
1068 4055 1103 4116 in
1121 4054 1223 4119 variis
1238 4051 1498 4135 disciplinarum
1514 4051 1836 4119 methemstioarum

306 4167 470 4249 ‘pertibus
495 4165 711 4255 investigavit
740 4169 959 4254 invenitque,
980 4185 1067 4254 quee
1089 4169 1264 4247 lutebent,
1293 4179 1353 4235 eut
1377 4171 1419 4235 de
1445 4171 1569 4255 quinus
1582 4157 1832 4250 demutatum

315 4291 351 4348 et
367 4273 569 4369 praesertim
592 4288 633 4352 de
662 4289 875 4355 mechanicos
900 4289 1075 4355 doetrinae
1092 4309 1275 4375 progressu
1296 4289 1426 4373 optime
1459 4289 1598 4356 meruit.
1644 4288 1684 4354 Ei
1705 4290 1834 4355 etenim

312 4402 502 4481 debemur,
531 4391 635 4489 quod'
648 4408 749 4474 bodie
770 4417 923 4489 constet,
958 4409 999 4474 de
1017 4408 1190 4492 praeclari
1209 4405 1270 4473 illd
1290 4418 1432 4475 naturae
1457 4389 1552 4496 lege}
1580 4407 1646 4492 qud
1668 4418 1835 4497 reguntur

313 4521 492 4608 gravium,
519 4525 590 4591 sive
612 4525 826 4603 cedentium,
848 4525 918 4591 sive
936 4529 1190 4615 projectorum,
1222 4531 1338 4614 lapsus
1362 4549 1558 4615 cursusque.
1602 4531 1652 4598 De
1677 4541 1777 4600 motu
1798 4531 1836 4598 in

312 4657 452 4724 genere.
466 4661 554 4725 qute
572 4645 813 4718 ooneiderevit‚
827 4665 884 4726 eu,
903 4647 998 4730 quasi
1017 4666 1124 4714 novae
1136 4649 1310 4716 doetrinae
1330 4647 1459 4739 (quum
1474 4648 1668 4738 dynnms‘een
1688 4647 1833 4740 vocent)

312 4757 543 4826 lbudtmmte-
558 4761 663 4828 luere.
706 4763 809 4850 Quod
825 4765 868 4832 eb
890 4785 1083 4834 turonorum
1103 4771 1176 4856 jem
1208 4769 1422 4854 suspicatum
1441 4779 1502 4838 eut
1525 4772 1716 4846 divinatum
1739 4781 1831 4848 eret,
