4956 6246
591 841 593 846 .
652 789 694 854 ιο
931 777 1394 871 conscensaque
1428 777 1536 852 vau
1569 783 1665 852 aaa
1698 783 1919 855 nosvsn

647 979 884 1053 deficientibus
903 983 1150 1069 discipulorum
1162 988 1208 1054 ad
1225 985 1282 1064 id,
1299 987 1391 1072 quod
1409 991 1450 1053 ut
1470 987 1608 1072 quidem
1625 987 1816 1073 putabant,
1830 987 1903 1072 jam
1924 985 2055 1055 editum
2064 989 2177 1076 legere

646 1114 805 1192 possent,
829 1103 974 1182 studiis,
1000 1106 1080 1172 illae
1101 1105 1352 1174 Hemsterhusii
1382 1109 1519 1174 scholae
1536 1128 1660 1174 vacuae
1688 1103 2022 1188 relinquebantur.»
2065 1106 2177 1191 Atque

646 1225 731 1292 haec
758 1223 826 1291 luit
854 1223 1104 1292 Hemsterhusii
1140 1227 1340 1311 professoris
1374 1229 1533 1298 fortuna,
1555 1228 1615 1313 qui
1644 1225 1756 1319 qualis
1787 1224 2119 1307 quantusqueetiam
2143 1224 2179 1289 in

648 1345 800 1411 docendo
819 1347 946 1422 luerit,
971 1369 1010 1412 ex
1030 1347 1230 1412 Ruhnkenio
1243 1343 1426 1423 discimus,
1450 1345 1515 1412 viri
1539 1346 1747 1414 immortalis
1769 1345 1926 1410 auditore
1945 1365 1985 1410 ac
2001 1345 2179 1430 discipulo.
2278 1351 2280 1357 ’

695 1462 784 1530 Cum
805 1465 910 1552 igitur
940 1467 982 1531 ad
1001 1468 1091 1532 hanc
1110 1476 1264 1531 nostram
1288 1468 1330 1531 de
1347 1465 1566 1532 institutione
1589 1465 1781 1532 academica
1808 1465 2045 1550 quaestionem
2067 1483 2178 1550 neque

649 1581 862 1650 consentiens
895 1585 1050 1650 virorum
1074 1584 1344 1672 clarissimorum
1365 1579 1451 1665 vox,
1474 1605 1536 1652 nec
1560 1585 1689 1654 civium
1708 1582 1979 1652 academicorum
2004 1585 2097 1662 rita,
2117 1605 2180 1650 nec

647 1699 852 1781 praesentis,
881 1725 943 1768 nec
968 1703 1174 1788 praeteritae
1197 1703 1317 1770 aetatis
1343 1704 1551 1788 experientia
1574 1703 1802 1792 probabiliter
1834 1705 2082 1791 respondeant,
2111 1702 2177 1768 alio

644 1833 707 1880 nos
730 1821 1001 1895 transferamus,
1026 1841 1162 1888 necesse
1182 1833 1246 1890 est.
1626 1811 1629 1823 ’
1918 1895 1920 1904 ,

689 1928 804 2014 Atque
824 1931 881 1995 hic
900 1945 1158 2014 peropportune
1176 1937 1309 2004 ‘decreti
1335 1939 1433 2028 Regii
1466 1943 1629 2030 cogitatio
1660 1941 1778 2020 subit,
1809 1935 1901 2007 unde
1925 1939 2019 2025 quod
2044 1937 2177 2020 quaeri·

646 2065 746 2120 mus,
780 2063 979 2130 cognoscere
1012 2047 1158 2114 forsitan
1186 2051 1389 2134 poterimus.
1436 2057 1485 2120 Eo
1515 2065 1590 2124 loco
1622 2061 1750 2126 dicitur
1783 2057 1973 2124 academica
2000 2052 2177 2121 institutio

644 2160 858 2266 eruditorum
873 2160 1082 2253 futororum
1107 2172 1310 2254 uparanete,
1349 2171 1522 2257 hujusque
1545 2172 1772 2236 institutionis
1790 2175 1903 2233 variae
1920 2186 2034 2248 pastea
2050 2173 2179 2241 descri-

644 2284 777 2351 buntur
793 2305 831 2349 ac
849 2303 915 2369 qua
926 2287 1000 2372 lege
1017 2295 1052 2353 et
1066 2288 1259 2354 conditione
1278 2291 1423 2376 gradum
1440 2291 1651 2356 doctoralem
1663 2289 1699 2352 in
1711 2303 1918 2370 unoquoque
1939 2285 2175 2372 doctrinarum

642 2424 765 2489 genere
787 2425 959 2489 capessere
977 2405 1052 2491 quis
1070 2406 1196 2492 possit,
1215 2407 1449 2494 significatur:
1475 2409 1589 2496 agitur
1608 2407 1712 2474 etiam
1727 2407 1768 2470 de
1785 2423 1931 2470 numero
1951 2425 1990 2470 ac
2007 2406 2176 2490 stipendio

645 2522 879 2605 professorum
900 2523 1008 2607 deque
1029 2526 1326 2600 administratione
1351 2528 1566 2604 academica,
1595 2525 1767 2618 verbo-de
1798 2523 1975 2607 quibusvis
1997 2526 2039 2588 ad
2065 2533 2177 2590 exter·

646 2660 728 2703 nam
748 2639 799 2705 rei
817 2641 1019 2708 condionem
1039 2665 1078 2710 ac
1099 2645 1247 2711 formam
1265 2645 1538 2730 pertinentibus;
1562 2663 1684 2711 rerum
1708 2644 1750 2707 de
1768 2641 1930 2710 interiore
1956 2645 2060 2729 hujus
2079 2642 2177 2708 iasti-

648 2757 792 2825 tutionis
821 2761 955 2827 ratione
986 2773 1021 2828 et
1049 2764 1163 2830 indole
1187 2763 1235 2828 ibi
1268 2787 1331 2830 nec
1359 2763 1490 2852 agitur,
1517 2785 1578 2829 nec
1603 2761 1656 2848 agi
1675 2769 1832 2845 poterat:
1860 2762 1910 2830 ita
1928 2773 1969 2829 ut
1991 2761 2176 2827 babeamus

645 2878 840 2941 machinam
867 2854 1096 2962 descriptam,
1125 2884 1324 2970 'ignoremus
1363 2883 1542 2950 machinae
1563 2891 1682 2948 motus
1712 2892 1747 2946 et
1773 2879 1946 2964 potentias
1974 2877 2176 2964 praesertim

644 2997 805 3063 motrices
828 3020 867 3063 ac
893 3019 1079 3083 supparem
1103 3011 1280 3070 teneamus
1308 3003 1358 3070 rei
1382 3003 1613 3091 cognitionem
1646 2997 1834 3085 cognitioni
1856 2997 2009 3083 corporis
2034 2997 2176 3062 humani

644 3115 869 3182 anatomicae:
904 3117 1051 3184 formam
1082 3123 1312 3208 conspicimus
1344 3133 1380 3190 et
1414 3132 1555 3189 artuum
1589 3115 1874 3201 compositionem
1908 3125 1944 3182 et
1980 3113 2176 3180 mirabilem

644 3236 923 3315 fabricationem,
953 3262 1074 3306 verum
1100 3241 1196 3309 abest
1228 3243 1301 3310 vita
1323 3242 1495 3332 etanima
1520 3247 1557 3306 et
1584 3221 1700 3303 motus
1720 3243 1756 3300 et
1776 3234 1920 3320 spiritus
1947 3234 2092 3311 omnis,
2108 3255 2177 3320 quo

645 3355 821 3436 alebatur,
850 3359 1078 3439 movebatur,
1108 3359 1257 3427 vivebat.
1302 3359 1347 3427 Et
1369 3379 1455 3445 quae
1481 3357 1620 3425 tandem
1638 3364 1691 3422 est
1706 3351 1769 3417 illa
1790 3353 1840 3419 vis
1858 3352 2043 3440 organismi
2061 3352 2177 3418 acade-

644 3475 727 3540 mici
750 3475 879 3544 motrix
905 3499 1026 3564 corpus
1055 3477 1168 3547 isthoc
1199 3480 1289 3545 iners
1320 3481 1492 3556 excitans,
1526 3475 1678 3562 erigens,
1725 3489 1886 3548 motem,
1922 3469 2101 3538 animam?
2135 3468 2176 3534 1¹¹

646 3612 788 3677 corpore
808 3617 847 3661 ac
862 3598 1007 3664 materia
1024 3599 1114 3666 hanc
1135 3601 1206 3669 vim
1228 3601 1360 3690 frustra
1394 3595 1649 3685 quaesit-critias
1671 3594 1804 3655 trustra
1837 3589 1969 3672 pariter
1997 3591 2033 3654 in
2057 3609 2177 3657 rerum

646 3722 866 3781 externarum
896 3717 1101 3788 conditione.
1148 3719 1203 3788 Ad
1222 3720 1377 3787 animum
1403 3718 1513 3806 igitur
1541 3733 1639 3780 mens
1657 3709 1885 3776 convertenda
1916 3716 1989 3774 cst:
2021 3709 2067 3772 ad
2095 3727 2176 3774 eum

654 3851 779 3915 (luem,
813 3855 881 3899 non
921 3835 1070 3902 hominis
1101 3837 1284 3909 umbram,
1324 3845 1385 3906 aut
1432 3835 1681 3904 simulacrum,
1717 3827 1778 3891 sed
1802 3841 1926 3890 verum
1955 3819 2171 3900 appellamus

648 3943 813 4006 hominem
847 3953 889 4003 etl
909 3957 1049 4025 ejusque
1070 3951 1297 4026 interpretem
1318 3949 1592 4025 philosophiam,
1623 3967 1711 4019 quas
1732 3943 1800 3996 nisi
1821 3940 1964 3998 doceret
1991 3941 2026 3998 et
2058 3941 2177 4000 osten-

627 4041 748 4127 'deret
773 4104 782 4134 ,
814 4057 905 4140 quod
928 4059 1099 4141 praeclare
1127 4054 1307 4124 Horatius:
1328 4056 1487 4120 doctrino
1513 4051 1572 4118 sed
1591 4054 1659 4118 vim
1676 4060 1848 4139 possesor
1875 4051 2041 4130 insitam,
2066 4052 2175 4121 inanis

648 4179 738 4245 soret
765 4185 800 4242 et
828 4197 913 4242 vana
935 4174 1046 4240 omnis
1068 4178 1154 4244 baec
1172 4186 1289 4241 nostra
1308 4175 1349 4242 de
1364 4173 1583 4242 institutione
1604 4171 1795 4239 academica
1811 4169 2011 4255 disputatio.

690 4295 738 4368 Et
758 4297 912 4384 profecto
934 4295 984 4362 ita
1004 4303 1057 4362 est
1080 4271 1167 4361 All
1185 4295 1274 4362 inest
1297 4293 1495 4361 hominibus
1513 4293 1575 4359 vis=
1589 4291 1714 4368 insita,
1742 4307 1848 4376 quam
1868 4287 2026 4355 doctrina
2051 4289 2171 4356 acade-

646 4421 737 4488 mica
762 4411 980 4504 promovere,
1000 4413 1089 4481 inest
1112 4411 1316 4493 seminium,
1340 4412 1433 4500 quod
1459 4431 1581 4478 somno
1602 4420 1768 4494 tanquam
1788 4409 1966 4492 sepultum
1982 4417 2018 4474 et
2032 4421 2172 4492 corpore

649 4541 752 4608 eheu!
776 4539 879 4604 nimis
895 4555 1119 4624 oppressum,
1140 4534 1287 4600 excitare
1304 4532 1437 4607 ,fouere
1449 4577 1459 4610 ,
1472 4532 1563 4599 alere
1582 4537 1729 4615 oportet.
1752 4527 1824 4596 Hoc
1842 4539 1958 4597 autem
1968 4530 2173 4606 seminium,

647 4663 731 4728 haec
754 4661 804 4726 vis
828 4657 950 4734 insita,
974 4656 1041 4721 boc
1058 4651 1207 4740 cujusvis
1226 4648 1434 4719 academicae
1454 4647 1684 4716 institutionis
1700 4645 1911 4733 principium
1931 4657 1971 4714 ut
1990 4663 2174 4734 cognosea-

648 4802 745 4856 mus,
765 4779 854 4866 agite
876 4769 1136 4864 psycbologiam
1157 4771 1376 4839 adhibeamus
1392 4773 1617 4854 interpretem
1631 4791 1775 4856 remque
1793 4768 1836 4834 ab
1850 4767 1952 4836 initio
1967 4775 2173 4852 repetamus.
2213 4836 2221 4852 ,

690 4896 862 4977 Socrates,
898 4918 1003 4984 quem
1050 4892 1253 4961 mortalium
1292 4889 1586 4980 sapientissimum
1616 4889 1751 4978 sapiens
1788 4885 1920 4960 vocarit
1953 4883 2171 4971 antiquitas,
