<?xml version="1.0" encoding="UTF-8"?>
<!DOCTYPE html PUBLIC "-//W3C//DTD XHTML 1.0 Transitional//EN"
    "http://www.w3.org/TR/xhtml1/DTD/xhtml1-transitional.dtd">
<html xmlns="http://www.w3.org/1999/xhtml" xml:lang="en" lang="en">
 <head>
  <title>
</title>
<meta http-equiv="Content-Type" content="text/html;charset=utf-8" />
  <meta name='ocr-system' content='tesseract 3.04.00' />
  <meta name='ocr-capabilities' content='ocr_page ocr_carea ocr_par ocr_line ocrx_word'/>
</head>
<body>
  <div class='ocr_page' id='page_1' title='image "annalesacademic10unkngoog_0042.png"; bbox 0 0 4956 6246; ppageno 0'>
   <div class='ocr_carea' id='block_1_1' title="bbox 943 781 1869 863">
    <p class='ocr_par' dir='ltr' id='par_1_1' title="bbox 943 781 1869 863">
     <span class='ocr_line' id='line_1_1' title="bbox 943 781 1869 863; baseline 0.009 -8"><span class='ocrx_word' id='word_1_1' title='bbox 943 781 1238 860; x_wconf 80' lang='lat' dir='ltr'><strong>ORATIO.</strong></span> <span class='ocrx_word' id='word_1_2' title='bbox 1827 793 1869 863; x_wconf 74' lang='lat' dir='ltr'><strong>st</strong></span> 
     </span>
    </p>
   </div>
   <div class='ocr_carea' id='block_1_2' title="bbox 524 961 1969 1321">
    <p class='ocr_par' dir='ltr' id='par_1_2' title="bbox 524 961 1969 1321">
     <span class='ocr_line' id='line_1_2' title="bbox 524 961 1868 1075; baseline 0.008 -20"><span class='ocrx_word' id='word_1_3' title='bbox 524 961 528 972; x_wconf 57' lang='lat'><strong>.</strong></span> <span class='ocrx_word' id='word_1_4' title='bbox 629 988 671 1056; x_wconf 86' lang='lat' dir='ltr'><strong>In</strong></span> <span class='ocrx_word' id='word_1_5' title='bbox 702 992 914 1059; x_wconf 78' lang='lat' dir='ltr'><strong>auditorium</strong></span> <span class='ocrx_word' id='word_1_6' title='bbox 947 1014 1123 1075; x_wconf 82' lang='lat' dir='ltr'><strong>reversus,</strong></span> <span class='ocrx_word' id='word_1_7' title='bbox 1156 993 1348 1064; x_wconf 82' lang='lat' dir='ltr'><strong>orationem</strong></span> <span class='ocrx_word' id='word_1_8' title='bbox 1376 987 1538 1064; x_wconf 65' lang='lat' dir='ltr'><strong>absalffl.</strong></span> <span class='ocrx_word' id='word_1_9' title='bbox 1582 991 1710 1062; x_wconf 86' lang='lat' dir='ltr'><strong>Milites</strong></span> <span class='ocrx_word' id='word_1_10' title='bbox 1742 996 1868 1066; x_wconf 80' lang='lat' dir='ltr'><strong>Acade·</strong></span> 
     </span>
     <span class='ocr_line' id='line_1_3' title="bbox 585 1107 1969 1202; baseline 0.007 -24"><span class='ocrx_word' id='word_1_11' title='bbox 585 1111 667 1180; x_wconf 89' lang='lat' dir='ltr'><strong>mici</strong></span> <span class='ocrx_word' id='word_1_12' title='bbox 693 1113 814 1179; x_wconf 88' lang='lat' dir='ltr'><strong>deinde</strong></span> <span class='ocrx_word' id='word_1_13' title='bbox 831 1114 866 1178; x_wconf 88' lang='lat' dir='ltr'><strong>iu</strong></span> <span class='ocrx_word' id='word_1_14' title='bbox 884 1118 1105 1194; x_wconf 78' lang='lat' dir='ltr'><strong>senaculum,</strong></span> <span class='ocrx_word' id='word_1_15' title='bbox 1130 1115 1221 1201; x_wconf 84' lang='lat' dir='ltr'><strong>quod</strong></span> <span class='ocrx_word' id='word_1_16' title='bbox 1241 1115 1430 1202; x_wconf 83' lang='lat' dir='ltr'><strong>petierant,</strong></span> <span class='ocrx_word' id='word_1_17' title='bbox 1456 1107 1618 1196; x_wconf 67' lang='lat' dir='ltr'><strong>admissi.</strong></span> <span class='ocrx_word' id='word_1_18' title='bbox 1646 1116 1869 1188; x_wconf 81' lang='lat' dir='ltr'><strong>Pro-Rectori</strong></span> <span class='ocrx_word' id='word_1_19' title='bbox 1965 1181 1969 1188; x_wconf 89' lang='grc'><em>,</em></span> 
     </span>
     <span class='ocr_line' id='line_1_4' title="bbox 581 1233 1115 1321; baseline 0.002 -19"><span class='ocrx_word' id='word_1_20' title='bbox 581 1245 616 1302; x_wconf 87' lang='lat' dir='ltr'><strong>et</strong></span> <span class='ocrx_word' id='word_1_21' title='bbox 638 1233 777 1303; x_wconf 85' lang='lat' dir='ltr'><strong>Senatui</strong></span> <span class='ocrx_word' id='word_1_22' title='bbox 804 1234 931 1320; x_wconf 82' lang='lat' dir='ltr'><strong>gratias</strong></span> <span class='ocrx_word' id='word_1_23' title='bbox 959 1243 1115 1321; x_wconf 77' lang='lat' dir='ltr'><strong>egerunt.</strong></span> 
     </span>
    </p>
   </div>
   <div class='ocr_carea' id='block_1_3' title="bbox 336 1469 1846 1560">
    <p class='ocr_par' dir='ltr' id='par_1_3' title="bbox 336 1469 1846 1560">
     <span class='ocr_line' id='line_1_5' title="bbox 336 1469 1846 1560; baseline 0.006 -25"><span class='ocrx_word' id='word_1_24' title='bbox 336 1471 396 1538; x_wconf 88' lang='lat' dir='ltr'><strong>Die</strong></span> <span class='ocrx_word' id='word_1_25' title='bbox 420 1473 463 1540; x_wconf 79' lang='lat'><strong>30</strong></span> <span class='ocrx_word' id='word_1_26' title='bbox 484 1469 568 1541; x_wconf 79' lang='lat' dir='ltr'><strong>Nor.</strong></span> <span class='ocrx_word' id='word_1_27' title='bbox 616 1470 669 1540; x_wconf 88' lang='lat' dir='ltr'><strong>Gl.</strong></span> <span class='ocrx_word' id='word_1_28' title='bbox 699 1474 741 1545; x_wconf 88' lang='lat' dir='ltr'><strong>G.</strong></span> <span class='ocrx_word' id='word_1_29' title='bbox 767 1476 799 1544; x_wconf 92' lang='lat' dir='ltr'><strong>J.</strong></span> <span class='ocrx_word' id='word_1_30' title='bbox 826 1474 1013 1545; x_wconf 82' lang='lat' dir='ltr'><strong>VERDAM</strong></span> <span class='ocrx_word' id='word_1_31' title='bbox 1044 1492 1172 1541; x_wconf 84' lang='lat' dir='ltr'><strong>munus</strong></span> <span class='ocrx_word' id='word_1_32' title='bbox 1206 1474 1402 1560; x_wconf 79' lang='lat' dir='ltr'><strong>auspicatus</strong></span> <span class='ocrx_word' id='word_1_33' title='bbox 1445 1483 1498 1541; x_wconf 85' lang='lat' dir='ltr'><strong>est</strong></span> <span class='ocrx_word' id='word_1_34' title='bbox 1528 1473 1647 1542; x_wconf 88' lang='lat' dir='ltr'><strong>habita</strong></span> <span class='ocrx_word' id='word_1_35' title='bbox 1683 1477 1846 1544; x_wconf 86' lang='lat' dir='ltr'><strong>oratione.</strong></span> 
     </span>
    </p>
   </div>
   <div class='ocr_carea' id='block_1_4' title="bbox 628 1706 1870 1798">
    <p class='ocr_par' dir='ltr' id='par_1_4' title="bbox 628 1706 1870 1798">
     <span class='ocr_line' id='line_1_6' title="bbox 628 1706 1870 1798; baseline 0 -24"><span class='ocrx_word' id='word_1_36' title='bbox 628 1709 733 1777; x_wconf 88' lang='lat' dir='ltr'><strong>Lecta</strong></span> <span class='ocrx_word' id='word_1_37' title='bbox 756 1722 807 1780; x_wconf 89' lang='lat' dir='ltr'><strong>est</strong></span> <span class='ocrx_word' id='word_1_38' title='bbox 828 1713 973 1798; x_wconf 88' lang='lat' dir='ltr'><strong>epistola</strong></span> <span class='ocrx_word' id='word_1_39' title='bbox 996 1709 1225 1796; x_wconf 84' lang='lat' dir='ltr'><strong>Curatorum,</strong></span> <span class='ocrx_word' id='word_1_40' title='bbox 1252 1708 1500 1785; x_wconf 80' lang='lat' dir='ltr'><strong>scribentium,</strong></span> <span class='ocrx_word' id='word_1_41' title='bbox 1527 1709 1684 1794; x_wconf 81' lang='lat' dir='ltr'><strong>legatum</strong></span> <span class='ocrx_word' id='word_1_42' title='bbox 1705 1706 1870 1774; x_wconf 84' lang='lat' dir='ltr'><strong>Baronem</strong></span> 
     </span>
    </p>
   </div>
   <div class='ocr_carea' id='block_1_5' title="bbox 582 1825 1864 1916">
    <p class='ocr_par' dir='ltr' id='par_1_5' title="bbox 582 1825 1864 1916">
     <span class='ocr_line' id='line_1_7' title="bbox 582 1825 1864 1916; baseline 0.002 -24"><span class='ocrx_word' id='word_1_43' title='bbox 582 1849 820 1897; x_wconf 77' lang='lat' dir='ltr'><strong>xmrrrrrorr</strong></span> <span class='ocrx_word' id='word_1_44' title='bbox 855 1832 936 1916; x_wconf 89' lang='lat' dir='ltr'><strong>ipsis</strong></span> <span class='ocrx_word' id='word_1_45' title='bbox 963 1832 1053 1898; x_wconf 91' lang='lat' dir='ltr'><strong>dono</strong></span> <span class='ocrx_word' id='word_1_46' title='bbox 1084 1831 1213 1896; x_wconf 81' lang='lat' dir='ltr'><strong>dedisse</strong></span> <span class='ocrx_word' id='word_1_47' title='bbox 1246 1851 1364 1895; x_wconf 90' lang='lat' dir='ltr'><strong>omnes</strong></span> <span class='ocrx_word' id='word_1_48' title='bbox 1400 1827 1507 1892; x_wconf 89' lang='lat' dir='ltr'><strong>libros</strong></span> <span class='ocrx_word' id='word_1_49' title='bbox 1530 1825 1630 1896; x_wconf 90' lang='lat' dir='ltr'><strong>MSS..</strong></span> <span class='ocrx_word' id='word_1_50' title='bbox 1652 1829 1695 1895; x_wconf 86' lang='lat' dir='ltr'><strong>de</strong></span> <span class='ocrx_word' id='word_1_51' title='bbox 1719 1829 1864 1916; x_wconf 79' lang='lat' dir='ltr'><strong>negotiis</strong></span> 
     </span>
    </p>
   </div>
   <div class='ocr_carea' id='block_1_6' title="bbox 580 1943 1868 2501">
    <p class='ocr_par' dir='ltr' id='par_1_6' title="bbox 580 1943 1868 2501">
     <span class='ocr_line' id='line_1_8' title="bbox 580 1943 1865 2020; baseline 0 -6"><span class='ocrx_word' id='word_1_52' title='bbox 580 1943 793 2016; x_wconf 85' lang='lat' dir='ltr'><strong>Geodaeticis</strong></span> <span class='ocrx_word' id='word_1_53' title='bbox 827 1959 861 2014; x_wconf 87' lang='lat' dir='ltr'><strong>et</strong></span> <span class='ocrx_word' id='word_1_54' title='bbox 883 1947 1158 2020; x_wconf 71' lang='lat' dir='ltr'><strong>astronomicis.</strong></span> <span class='ocrx_word' id='word_1_55' title='bbox 1188 1945 1231 2011; x_wconf 84' lang='lat' dir='ltr'><strong>ab</strong></span> <span class='ocrx_word' id='word_1_56' title='bbox 1258 1968 1287 2010; x_wconf 85' lang='lat' dir='ltr'><strong>a.</strong></span> <span class='ocrx_word' id='word_1_57' title='bbox 1317 1945 1402 2009; x_wconf 75' lang='lat'><strong>1802</strong></span> <span class='ocrx_word' id='word_1_58' title='bbox 1423 1947 1571 2012; x_wconf 81' lang='lat'><em>-1811</em></span> <span class='ocrx_word' id='word_1_59' title='bbox 1609 1947 1646 2013; x_wconf 84' lang='lat' dir='ltr'><strong>in</strong></span> <span class='ocrx_word' id='word_1_60' title='bbox 1683 1946 1865 2015; x_wconf 79' lang='lat' dir='ltr'><strong>Hollandis</strong></span> 
     </span>
     <span class='ocr_line' id='line_1_9' title="bbox 587 2056 1868 2156; baseline 0.002 -25"><span class='ocrx_word' id='word_1_61' title='bbox 587 2067 599 2156; x_wconf 91' lang='lat'>(</span> <span class='ocrx_word' id='word_1_62' title='bbox 612 2070 713 2134; x_wconf 88' lang='lat' dir='ltr'><strong>hodie</strong></span> <span class='ocrx_word' id='word_1_63' title='bbox 740 2088 843 2154; x_wconf 82' lang='lat' dir='ltr'><strong>regno</strong></span> <span class='ocrx_word' id='word_1_64' title='bbox 864 2056 1171 2144; x_wconf 85' lang='lat' dir='ltr'><strong>Neerlandiarum)</strong></span> <span class='ocrx_word' id='word_1_65' title='bbox 1194 2061 1318 2147; x_wconf 81' lang='lat' dir='ltr'><strong>gestis:</strong></span> <span class='ocrx_word' id='word_1_66' title='bbox 1347 2060 1532 2126; x_wconf 76' lang='lat' dir='ltr'><strong>Curatores</strong></span> <span class='ocrx_word' id='word_1_67' title='bbox 1555 2061 1685 2127; x_wconf 87' lang='lat' dir='ltr'><strong>donum</strong></span> <span class='ocrx_word' id='word_1_68' title='bbox 1710 2063 1868 2133; x_wconf 85' lang='lat' dir='ltr'><strong>lubentes</strong></span> 
     </span>
     <span class='ocr_line' id='line_1_10' title="bbox 583 2175 1867 2266; baseline 0.002 -18"><span class='ocrx_word' id='word_1_69' title='bbox 583 2184 768 2266; x_wconf 88' lang='lat' dir='ltr'><strong>accepisse,</strong></span> <span class='ocrx_word' id='word_1_70' title='bbox 803 2181 906 2264; x_wconf 87' lang='lat' dir='ltr'><strong>inque</strong></span> <span class='ocrx_word' id='word_1_71' title='bbox 933 2177 1183 2244; x_wconf 85' lang='lat' dir='ltr'><strong>Bibliotheoam</strong></span> <span class='ocrx_word' id='word_1_72' title='bbox 1214 2175 1450 2244; x_wconf 79' lang='lat' dir='ltr'><strong>Academicum</strong></span> <span class='ocrx_word' id='word_1_73' title='bbox 1472 2179 1683 2262; x_wconf 82' lang='lat' dir='ltr'><strong>reposuisse:</strong></span> <span class='ocrx_word' id='word_1_74' title='bbox 1709 2182 1867 2251; x_wconf 87' lang='lat' dir='ltr'><strong>additum</strong></span> 
     </span>
     <span class='ocr_line' id='line_1_11' title="bbox 582 2290 1866 2384; baseline 0.006 -20"><span class='ocrx_word' id='word_1_75' title='bbox 582 2308 656 2364; x_wconf 85' lang='lat' dir='ltr'><strong>erat</strong></span> <span class='ocrx_word' id='word_1_76' title='bbox 691 2301 889 2384; x_wconf 84' lang='lat' dir='ltr'><strong>exemplum</strong></span> <span class='ocrx_word' id='word_1_77' title='bbox 918 2296 1101 2383; x_wconf 88' lang='lat' dir='ltr'><strong>epistolae,</strong></span> <span class='ocrx_word' id='word_1_78' title='bbox 1134 2319 1155 2362; x_wconf 84' lang='lat' dir='ltr'><strong>a</strong></span> <span class='ocrx_word' id='word_1_79' title='bbox 1185 2290 1315 2364; x_wconf 82' lang='lat' dir='ltr'><strong>Barone</strong></span> <span class='ocrx_word' id='word_1_80' title='bbox 1347 2311 1583 2368; x_wconf 67' lang='lat' dir='ltr'><strong>naamon</strong></span> <span class='ocrx_word' id='word_1_81' title='bbox 1610 2303 1659 2370; x_wconf 86' lang='lat' dir='ltr'><strong>ad&#39;</strong></span> <span class='ocrx_word' id='word_1_82' title='bbox 1684 2299 1866 2374; x_wconf 71' lang='lat' dir='ltr'><strong>Curatores</strong></span> 
     </span>
     <span class='ocr_line' id='line_1_12' title="bbox 582 2415 742 2501; baseline -0.006 -20"><span class='ocrx_word' id='word_1_83' title='bbox 582 2415 742 2501; x_wconf 82' lang='lat' dir='ltr'><strong>scriptae.</strong></span> 
     </span>
    </p>
   </div>
   <div class='ocr_carea' id='block_1_7' title="bbox 333 2651 1864 2742">
    <p class='ocr_par' dir='ltr' id='par_1_7' title="bbox 333 2651 1864 2742">
     <span class='ocr_line' id='line_1_13' title="bbox 333 2651 1864 2742; baseline 0.003 -16"><span class='ocrx_word' id='word_1_84' title='bbox 333 2659 395 2727; x_wconf 87' lang='lat' dir='ltr'><strong>Die</strong></span> <span class='ocrx_word' id='word_1_85' title='bbox 420 2657 458 2726; x_wconf 86' lang='lat'><strong>11</strong></span> <span class='ocrx_word' id='word_1_86' title='bbox 483 2657 565 2728; x_wconf 87' lang='lat' dir='ltr'><strong>Dec.</strong></span> <span class='ocrx_word' id='word_1_87' title='bbox 613 2655 667 2725; x_wconf 88' lang='lat' dir='ltr'><strong>Gl.</strong></span> <span class='ocrx_word' id='word_1_88' title='bbox 688 2657 720 2726; x_wconf 88' lang='lat' dir='ltr'><strong>J.</strong></span> <span class='ocrx_word' id='word_1_89' title='bbox 738 2655 778 2726; x_wconf 88' lang='lat' dir='ltr'><strong>F.</strong></span> <span class='ocrx_word' id='word_1_90' title='bbox 799 2651 891 2724; x_wconf 81' lang='lat' dir='ltr'><strong>VAN</strong></span> <span class='ocrx_word' id='word_1_91' title='bbox 908 2652 1083 2741; x_wconf 86' lang='lat' dir='ltr'>OORDT,</span> <span class='ocrx_word' id='word_1_92' title='bbox 1108 2675 1236 2722; x_wconf 87' lang='lat' dir='ltr'><strong>munus</strong></span> <span class='ocrx_word' id='word_1_93' title='bbox 1263 2655 1461 2742; x_wconf 82' lang='lat' dir='ltr'><strong>auspicatus</strong></span> <span class='ocrx_word' id='word_1_94' title='bbox 1487 2667 1540 2724; x_wconf 86' lang='lat' dir='ltr'><strong>est</strong></span> <span class='ocrx_word' id='word_1_95' title='bbox 1558 2657 1677 2728; x_wconf 83' lang='lat' dir='ltr'><strong>hahita</strong></span> <span class='ocrx_word' id='word_1_96' title='bbox 1700 2661 1864 2730; x_wconf 84' lang='lat' dir='ltr'><strong>oratione.</strong></span> 
     </span>
    </p>
   </div>
   <div class='ocr_carea' id='block_1_8' title="bbox 333 2884 1150 2984">
    <p class='ocr_par' dir='ltr' id='par_1_8' title="bbox 333 2884 1150 2984">
     <span class='ocr_line' id='line_1_14' title="bbox 333 2884 1150 2984; baseline -0.01 -19"><span class='ocrx_word' id='word_1_97' title='bbox 333 2899 394 2968; x_wconf 87' lang='lat' dir='ltr'><strong>Die</strong></span> <span class='ocrx_word' id='word_1_98' title='bbox 418 2901 461 2968; x_wconf 84' lang='lat'><strong>29</strong></span> <span class='ocrx_word' id='word_1_99' title='bbox 483 2899 563 2968; x_wconf 89' lang='lat' dir='ltr'><strong>Deo.</strong></span> <span class='ocrx_word' id='word_1_100' title='bbox 610 2897 753 2968; x_wconf 84' lang='lat' dir='ltr'><strong>Senatus</strong></span> <span class='ocrx_word' id='word_1_101' title='bbox 776 2893 967 2984; x_wconf 85' lang='lat' dir='ltr'><strong>designavit</strong></span> <span class='ocrx_word' id='word_1_102' title='bbox 987 2892 1078 2960; x_wconf 76' lang='lat' dir='ltr'><strong>uiros</strong></span> <span class='ocrx_word' id='word_1_103' title='bbox 1097 2884 1150 2958; x_wconf 85' lang='lat' dir='ltr'><strong>Gi.</strong></span> 
     </span>
    </p>
   </div>
   <div class='ocr_carea' id='block_1_9' title="bbox 585 3115 1865 3690">
    <p class='ocr_par' dir='ltr' id='par_1_9' title="bbox 850 3115 1342 3201">
     <span class='ocr_line' id='line_1_15' title="bbox 850 3115 1342 3201; baseline -0.016 -1"><span class='ocrx_word' id='word_1_104' title='bbox 850 3133 881 3201; x_wconf 87' lang='lat' dir='ltr'><strong>J.</strong></span> <span class='ocrx_word' id='word_1_105' title='bbox 905 3131 944 3200; x_wconf 85' lang='lat' dir='ltr'><strong>R.</strong></span> <span class='ocrx_word' id='word_1_106' title='bbox 968 3119 1250 3196; x_wconf 74' lang='lat' dir='ltr'><strong>THORBECKE.</strong></span> <span class='ocrx_word' id='word_1_107' title='bbox 1338 3115 1342 3124; x_wconf 81' lang='grc'><strong>’</strong></span> 
     </span>
    </p>

    <p class='ocr_par' dir='ltr' id='par_1_10' title="bbox 853 3245 1128 3319">
     <span class='ocr_line' id='line_1_16' title="bbox 853 3245 1128 3319; baseline -0.007 -1"><span class='ocrx_word' id='word_1_108' title='bbox 853 3251 883 3319; x_wconf 84' lang='lat' dir='ltr'><strong>J.</strong></span> <span class='ocrx_word' id='word_1_109' title='bbox 908 3245 1128 3317; x_wconf 79' lang='lat' dir='ltr'><strong>CLARISSE.</strong></span> 
     </span>
    </p>

    <p class='ocr_par' dir='ltr' id='par_1_11' title="bbox 848 3347 1528 3456">
     <span class='ocr_line' id='line_1_17' title="bbox 848 3347 1528 3456; baseline -0.013 -17"><span class='ocrx_word' id='word_1_110' title='bbox 848 3371 878 3438; x_wconf 84' lang='lat' dir='ltr'><strong>J.</strong></span> <span class='ocrx_word' id='word_1_111' title='bbox 898 3367 990 3439; x_wconf 79' lang='lat' dir='ltr'><strong>vm</strong></span> <span class='ocrx_word' id='word_1_112' title='bbox 1011 3366 1100 3433; x_wconf 77' lang='lat' dir='ltr'><strong>oea</strong></span> <span class='ocrx_word' id='word_1_113' title='bbox 1123 3363 1316 3456; x_wconf 68' lang='lat' dir='ltr'><strong>noevum</strong></span> <span class='ocrx_word' id='word_1_114' title='bbox 1410 3347 1416 3356; x_wconf 86' lang='lat'>&#39;</span> <span class='ocrx_word' id='word_1_115' title='bbox 1522 3373 1528 3389; x_wconf 64' lang='lat'>¹</span> 
     </span>
    </p>

    <p class='ocr_par' dir='ltr' id='par_1_12' title="bbox 585 3481 1865 3690">
     <span class='ocr_line' id='line_1_18' title="bbox 851 3481 1865 3571; baseline -0.001 -16"><span class='ocrx_word' id='word_1_116' title='bbox 851 3487 892 3556; x_wconf 90' lang='lat' dir='ltr'><strong>G.</strong></span> <span class='ocrx_word' id='word_1_117' title='bbox 916 3488 956 3554; x_wconf 91' lang='lat' dir='ltr'><strong>L.</strong></span> <span class='ocrx_word' id='word_1_118' title='bbox 979 3483 1156 3563; x_wconf 82' lang='grc' dir='ltr'><strong>ΜΑΗΝΕ,</strong></span> <span class='ocrx_word' id='word_1_119' title='bbox 1179 3504 1329 3569; x_wconf 90' lang='lat' dir='ltr'><strong>quorum</strong></span> <span class='ocrx_word' id='word_1_120' title='bbox 1347 3483 1487 3552; x_wconf 83' lang='lat' dir='ltr'><strong>nomine</strong></span> <span class='ocrx_word' id='word_1_121' title='bbox 1504 3483 1548 3550; x_wconf 83' lang='lat' dir='ltr'><strong>ad</strong></span> <span class='ocrx_word' id='word_1_122' title='bbox 1567 3481 1693 3571; x_wconf 84' lang='lat' dir='ltr'><strong>Regem</strong></span> <span class='ocrx_word' id='word_1_123' title='bbox 1710 3484 1865 3554; x_wconf 85' lang='lat' dir='ltr'><strong>deieran·</strong></span> 
     </span>
     <span class='ocr_line' id='line_1_19' title="bbox 585 3603 1400 3690; baseline -0.012 -11"><span class='ocrx_word' id='word_1_124' title='bbox 585 3622 664 3689; x_wconf 86' lang='lat' dir='ltr'><strong>tur,</strong></span> <span class='ocrx_word' id='word_1_125' title='bbox 693 3618 733 3678; x_wconf 88' lang='lat' dir='ltr'><strong>ut</strong></span> <span class='ocrx_word' id='word_1_126' title='bbox 756 3610 834 3676; x_wconf 90' lang='lat' dir='ltr'><strong>inde</strong></span> <span class='ocrx_word' id='word_1_127' title='bbox 849 3607 1032 3675; x_wconf 80' lang='lat' dir='ltr'><strong>Rectorem</strong></span> <span class='ocrx_word' id='word_1_128' title='bbox 1048 3603 1270 3690; x_wconf 83' lang='lat' dir='ltr'><strong>Magnificum</strong></span> <span class='ocrx_word' id='word_1_129' title='bbox 1295 3604 1400 3690; x_wconf 85' lang='lat' dir='ltr'><strong>legat.</strong></span> 
     </span>
    </p>
   </div>
   <div class='ocr_carea' id='block_1_10' title="bbox 629 3837 1662 3924">
    <p class='ocr_par' dir='ltr' id='par_1_13' title="bbox 629 3837 1662 3924">
     <span class='ocr_line' id='line_1_20' title="bbox 629 3837 1662 3924; baseline -0.006 -12"><span class='ocrx_word' id='word_1_130' title='bbox 629 3844 771 3915; x_wconf 83' lang='lat' dir='ltr'><strong>Senatus</strong></span> <span class='ocrx_word' id='word_1_131' title='bbox 796 3842 946 3911; x_wconf 85' lang='lat' dir='ltr'><strong>scribam</strong></span> <span class='ocrx_word' id='word_1_132' title='bbox 966 3839 1075 3905; x_wconf 86' lang='lat' dir='ltr'><strong>creari</strong></span> <span class='ocrx_word' id='word_1_133' title='bbox 1101 3837 1208 3924; x_wconf 82' lang='lat' dir='ltr'><strong>jussit</strong></span> <span class='ocrx_word' id='word_1_134' title='bbox 1229 3857 1339 3902; x_wconf 88' lang='lat' dir='ltr'><strong>unum</strong></span> <span class='ocrx_word' id='word_1_135' title='bbox 1363 3857 1404 3902; x_wconf 84' lang='lat' dir='ltr'><strong>ex</strong></span> <span class='ocrx_word' id='word_1_136' title='bbox 1431 3839 1662 3924; x_wconf 69' lang='lat' dir='ltr'><strong>quattuorviris</strong></span> 
     </span>
    </p>
   </div>
   <div class='ocr_carea' id='block_1_11' title="bbox 848 4066 1322 4496">
    <p class='ocr_par' dir='ltr' id='par_1_14' title="bbox 851 4066 1212 4140">
     <span class='ocr_line' id='line_1_21' title="bbox 851 4066 1212 4140; baseline -0.017 0"><span class='ocrx_word' id='word_1_137' title='bbox 851 4069 894 4140; x_wconf 90' lang='grc' dir='ltr'><strong>Η.</strong></span> <span class='ocrx_word' id='word_1_138' title='bbox 918 4069 961 4137; x_wconf 88' lang='lat' dir='ltr'><strong>G.</strong></span> <span class='ocrx_word' id='word_1_139' title='bbox 985 4066 1212 4134; x_wconf 81' lang='lat' dir='ltr'><strong>TYDEMAN.</strong></span> 
     </span>
    </p>

    <p class='ocr_par' dir='ltr' id='par_1_15' title="bbox 849 4186 1175 4260">
     <span class='ocr_line' id='line_1_22' title="bbox 849 4186 1175 4260; baseline -0.015 0"><span class='ocrx_word' id='word_1_140' title='bbox 849 4191 893 4260; x_wconf 91' lang='lat' dir='ltr'><strong>G.</strong></span> <span class='ocrx_word' id='word_1_141' title='bbox 916 4186 1175 4256; x_wconf 79' lang='lat' dir='ltr'><strong>SANDIFORT.</strong></span> 
     </span>
    </p>

    <p class='ocr_par' dir='ltr' id='par_1_16' title="bbox 848 4304 1125 4377">
     <span class='ocr_line' id='line_1_23' title="bbox 848 4304 1125 4377; baseline -0.007 -2"><span class='ocrx_word' id='word_1_142' title='bbox 848 4308 881 4377; x_wconf 87' lang='lat' dir='ltr'><strong>J.</strong></span> <span class='ocrx_word' id='word_1_143' title='bbox 906 4304 1125 4374; x_wconf 85' lang='lat' dir='ltr'><strong>CLARISSE.</strong></span> 
     </span>
    </p>

    <p class='ocr_par' dir='ltr' id='par_1_17' title="bbox 852 4422 1322 4496">
     <span class='ocr_line' id='line_1_24' title="bbox 852 4422 1322 4496; baseline 0.002 -2"><span class='ocrx_word' id='word_1_144' title='bbox 852 4425 997 4496; x_wconf 76' lang='lat' dir='ltr'><strong>1.er</strong></span> <span class='ocrx_word' id='word_1_145' title='bbox 1018 4427 1107 4494; x_wconf 82' lang='lat' dir='ltr'><strong>DER</strong></span> <span class='ocrx_word' id='word_1_146' title='bbox 1129 4422 1322 4496; x_wconf 81' lang='lat' dir='ltr'><strong>HOEVEN.</strong></span> 
     </span>
    </p>
   </div>
   <div class='ocr_carea' id='block_1_12' title="bbox 333 4639 1861 4986">
    <p class='ocr_par' dir='ltr' id='par_1_18' title="bbox 333 4639 1861 4986">
     <span class='ocr_line' id='line_1_25' title="bbox 333 4639 1859 4745; baseline -0.006 -2"><span class='ocrx_word' id='word_1_147' title='bbox 333 4677 395 4745; x_wconf 88' lang='lat' dir='ltr'><strong>Die</strong></span> <span class='ocrx_word' id='word_1_148' title='bbox 418 4677 462 4744; x_wconf 83' lang='lat'><strong>29</strong></span> <span class='ocrx_word' id='word_1_149' title='bbox 484 4673 566 4742; x_wconf 86' lang='lat' dir='ltr'><strong>Deo.</strong></span> <span class='ocrx_word' id='word_1_150' title='bbox 612 4671 736 4738; x_wconf 81' lang='lat' dir='ltr'><strong>Rector</strong></span> <span class='ocrx_word' id='word_1_151' title='bbox 760 4666 885 4734; x_wconf 85' lang='lat' dir='ltr'><strong>retulit</strong></span> <span class='ocrx_word' id='word_1_152' title='bbox 915 4687 951 4733; x_wconf 86' lang='lat' dir='ltr'><strong>ss</strong></span> <span class='ocrx_word' id='word_1_153' title='bbox 974 4688 1014 4733; x_wconf 87' lang='lat' dir='ltr'><strong>ex</strong></span> <span class='ocrx_word' id='word_1_154' title='bbox 1033 4664 1148 4736; x_wconf 84' lang='lat' dir='ltr'><strong>Senat.</strong></span> <span class='ocrx_word' id='word_1_155' title='bbox 1172 4667 1310 4734; x_wconf 88' lang='lat' dir='ltr'><strong>decreto</strong></span> <span class='ocrx_word' id='word_1_156' title='bbox 1335 4663 1370 4732; x_wconf 93' lang='lat' dir='ltr'><strong>d.</strong></span> <span class='ocrx_word' id='word_1_157' title='bbox 1399 4664 1443 4730; x_wconf 75' lang='lat'><strong>24</strong></span> <span class='ocrx_word' id='word_1_158' title='bbox 1459 4665 1541 4737; x_wconf 85' lang='lat' dir='ltr'><strong>Deo.</strong></span> <span class='ocrx_word' id='word_1_159' title='bbox 1567 4639 1649 4738; x_wconf 85' lang='lat' dir='ltr'><strong>cum</strong></span> <span class='ocrx_word' id='word_1_160' title='bbox 1670 4669 1859 4742; x_wconf 69' lang='lat' dir='ltr'><strong>senioribus</strong></span> 
     </span>
     <span class='ocr_line' id='line_1_26' title="bbox 581 4785 1861 4881; baseline 0.005 -24"><span class='ocrx_word' id='word_1_161' title='bbox 581 4786 780 4857; x_wconf 86' lang='lat' dir='ltr'><strong>salutavisse</strong></span> <span class='ocrx_word' id='word_1_162' title='bbox 805 4807 1042 4866; x_wconf 71' lang='lat' dir='ltr'><strong>remuneror,</strong></span> <span class='ocrx_word' id='word_1_163' title='bbox 1075 4788 1269 4878; x_wconf 87' lang='lat' dir='ltr'><strong>Principem</strong></span> <span class='ocrx_word' id='word_1_164' title='bbox 1304 4785 1609 4873; x_wconf 76' lang='lat' dir='ltr'><strong>Neerlandisrum.</strong></span> <span class='ocrx_word' id='word_1_165' title='bbox 1649 4793 1709 4881; x_wconf 83' lang='lat' dir='ltr'><strong>qui</strong></span> <span class='ocrx_word' id='word_1_166' title='bbox 1744 4793 1861 4863; x_wconf 78' lang='lat' dir='ltr'><strong>sedem</strong></span> 
     </span>
     <span class='ocr_line' id='line_1_27' title="bbox 581 4907 1163 4986; baseline -0.003 -4"><span class='ocrx_word' id='word_1_167' title='bbox 581 4931 700 4982; x_wconf 84' lang='lat' dir='ltr'><strong>rerum</strong></span> <span class='ocrx_word' id='word_1_168' title='bbox 723 4929 864 4986; x_wconf 72' lang='lat' dir='ltr'><strong>suarum</strong></span> <span class='ocrx_word' id='word_1_169' title='bbox 883 4908 1004 4978; x_wconf 82' lang='lat' dir='ltr'><strong>Leidsa</strong></span> <span class='ocrx_word' id='word_1_170' title='bbox 1028 4907 1163 4980; x_wconf 79' lang='lat' dir='ltr'><strong>fixerat.</strong></span> 
     </span>
    </p>
   </div>
   <div class='ocr_carea' id='block_1_13' title="bbox 0 0 2482 6246">
    <p class='ocr_par' dir='ltr' id='par_1_19' title="bbox 0 0 2482 6246">
     <span class='ocr_line' id='line_1_28' title="bbox 0 0 2482 6246; baseline 0 3"><span class='ocrx_word' id='word_1_171' title='bbox 0 0 2482 6246; x_wconf 95' lang='lat' dir='ltr'><strong> </strong></span> 
     </span>
    </p>
   </div>
  </div>
 </body>
</html>
