4956 6246
941 857 1217 930 ORATIO.
1801 856 1842 923 17

308 1064 396 1130 hanc
420 1081 526 1128 unam
560 1080 694 1141 amare,
731 1065 862 1142 colere,
902 1065 1018 1151 sequi,
1057 1066 1134 1131 aliis
1165 1063 1301 1131 tradere
1328 1059 1467 1128 didicit:
1502 1073 1635 1143 quaque
1670 1065 1723 1122 est
1738 1073 1840 1126 emor

307 1199 492 1268 germanus
516 1181 741 1260 fortitudine,
769 1204 832 1267 pro
858 1192 1067 1249 camertem
1088 1191 1271 1268 oppetere,
1302 1201 1373 1246 non
1396 1176 1578 1244 recusarit.

352 1299 461 1382 Ecce,
484 1319 588 1383 quam
627 1296 856 1384 profitebatur
885 1297 1060 1378 Socrates,
1101 1300 1237 1364 amandi
1271 1299 1488 1383 disciplinam
1521 1296 1620 1364 nobis
1649 1295 1841 1382 quaerendo

309 1419 473 1485 invenisse
503 1418 681 1484 ridemur:
706 1421 853 1486 necdum
877 1431 994 1487 tamen
1021 1442 1097 1488 eam
1123 1419 1350 1504 adplicuimus
1376 1418 1420 1483 ad
1442 1417 1699 1485 institutionem
1727 1415 1843 1480 acade-

306 1535 454 1613 micam,
479 1544 519 1601 ut
542 1556 627 1601 num
649 1537 680 1602 ei
704 1537 918 1622 aliquatenus
938 1549 1119 1625 congruat,
1144 1557 1435 1626 cognosceremus.

351 1653 455 1722 Plura
469 1665 553 1722 sunt
570 1656 831 1724 institutionum
853 1678 995 1744 genera,
1015 1668 1057 1726 ut
1077 1661 1178 1743 plura
1198 1669 1281 1725 sunt
1299 1657 1515 1746 ingeniorum
1534 1665 1658 1741 genera
1676 1653 1844 1716 humano-

309 1790 401 1839 rum.
448 1770 511 1838 Est
544 1773 720 1840 institutio
757 1776 890 1860 prima,
925 1777 1039 1863 primo
1071 1779 1161 1846 ritae
1189 1779 1338 1864 tempori
1363 1787 1444 1863 apta
1472 1772 1744 1856 latentibusque:
1777 1787 1845 1853 qua

311 1890 377 1956 fari
401 1890 538 1958 discum
570 1901 605 1958 et
635 1891 785 1960 scribere
820 1903 855 1960 et
891 1898 1002 1981 legere
1036 1904 1071 1962 et
1112 1915 1306 1958 numerare.
1352 1893 1440 1958 llaec
1469 1891 1645 1955 institutio
1675 1885 1848 1952 infantilis.

310 2009 493 2075 homiuum
518 2013 623 2098 vulgo
648 2012 909 2077 adcommodata
939 2021 991 2074 est
1017 2029 1056 2098 ac
1088 2007 1233 2078 sufficit,
1265 2007 1325 2088 qui
1356 2023 1525 2068 manuum
1552 2023 1655 2083 opere
1682 2005 1845 2088 durisque

309 2129 485 2196 laboribus
518 2132 651 2197 rictum
684 2135 875 2210 quaeruntr
905 2121 1090 2186 utilissima
1124 2118 1279 2201 prolecto
1313 2119 1429 2184 classis
1464 2116 1612 2192 civium,
1664 2115 1719 2180 cui
1739 2117 1845 2201 ¹quod

311 2247 509 2312 litterarum
540 2243 662 2306 studiis
686 2240 863 2321 indulgere
892 2234 1024 2319 possint
1052 2233 1201 2311 eruditi,
1227 2236 1382 2302 debetur.
1429 2235 1493 2302 Est
1510 2235 1686 2301 institutio
1712 2237 1843 2314 altera,

311 2378 499 2446 puerorum
521 2353 663 2441 ingeniis
688 2363 789 2438 apta,
815 2375 901 2439 quae
923 2364 957 2420 et
971 2354 1213 2441 grammatices
1232 2357 1332 2422 docet
1355 2365 1388 2422 et
1410 2355 1606 2444 linguarum
1628 2367 1663 2436 et
1681 2356 1845 2423 historiae

313 2477 524 2560 aliarumque
540 2473 761 2539 scientiarum
775 2473 945 2538 elementa
961 2481 997 2538 et
1020 2473 1168 2550 artium,
1196 2495 1264 2558 qua
1297 2475 1436 2559 quidem
1466 2477 1592 2563 puerili
1622 2477 1842 2545 institutione

311 2597 526 2681 reliquorum
555 2603 692 2681 praeter
728 2589 880 2658 cruditos
912 2590 1039 2658 civium
1066 2577 1177 2658 animi
1196 2593 1238 2658 ad
1264 2593 1354 2662 ritae
1378 2595 1485 2664 civilis
1521 2615 1665 2662 munera
1686 2595 1844 2663 obeunda

310 2718 545 2784 instruuntur.

355 2835 419 2904 Est
449 2837 596 2923 denique
631 2837 759 2903 ultima
794 2856 899 2922 eaque
933 2838 1123 2906 academica
1159 2839 1350 2913 institutio,
1394 2837 1526 2913 doctis,
1572 2834 1714 2901 eruditis
1760 2829 1843 2896 solis

310 2954 471 3040 propria,
496 2975 565 3040 qua
587 2956 630 3022 ad
649 2956 787 3020 cultum
804 2955 1029 3022 humanitatis
1041 2956 1273 3022 informantur
1295 2954 1429 3042 ingenia
1452 2951 1644 3016 hominum.
1691 2947 1744 3013 Ad
1755 2948 1843 3012 hanc

263 3110 272 3151 q
312 3074 501 3158 requiritur
523 3095 593 3140 non
625 3083 763 3141 tantum
796 3073 994 3160 linguarum
1020 3083 1177 3141 veterum
1201 3073 1342 3158 peritia,
1378 3091 1499 3138 rerum
1525 3069 1683 3155 inprimis
1709 3066 1842 3131 animus

313 3191 502 3276 requiritur
522 3192 700 3260 Musarum
721 3201 756 3258 et
786 3194 972 3278 sapientiae
1005 3194 1149 3260 amicus.
1195 3191 1282 3258 Nam
1306 3195 1372 3259 hoc
1394 3191 1531 3257 nomine
1552 3187 1773 3275 potissimum
1801 3183 1843 3248 ab

316 3310 410 3374 omni
449 3310 583 3395 reliqua
618 3311 838 3379 matitutioue
865 3313 1002 3393 differt,
1038 3316 1132 3399 quod
1166 3313 1219 3378 uti
1252 3322 1387 3380 caetera
1419 3307 1679 3375 institutionum
1722 3319 1845 3392 genera

315 3427 479 3494 utilitatis
506 3429 656 3494 maxime
683 3449 801 3497 caussa
831 3434 1003 3511 existunt,
1039 3439 1119 3500 haec
1142 3434 1332 3500 utilitatem
1353 3445 1429 3497 'non
1459 3434 1660 3511 aspernatur
1681 3421 1843 3508 quidem,

313 3547 464 3612 sedeam
484 3568 546 3612 nec
565 3549 697 3626 solam,
718 3572 781 3617 nee
798 3553 1016 3637 praecipuam
1040 3561 1209 3631 venatur,
1232 3572 1355 3621 rerum
1372 3549 1414 3615 ad
1433 3547 1556 3613 altiora
1575 3544 1736 3617 tendens,
1752 3536 1845 3624 quod

312 3665 497 3746 pulcrum,
514 3687 659 3745 rerum,
678 3670 862 3737 honestum
882 3681 956 3747 est,
972 3671 1128 3755 inprimis
1148 3671 1294 3756 quaerit.
1317 3667 1403 3735 Nam
1423 3688 1503 3734 cum
1516 3663 1671 3750 plerique
1689 3657 1844 3725 homines

317 3782 372 3845 '0¹
390 3795 550 3863 ‘lumbus
569 3809 686 3864 081188,
713 3791 995 3873 velroluptatum
1024 3811 1283 3873 corporearum,
1309 3791 1364 3856 rel
1380 3790 1491 3853 lamae
1515 3783 1660 3863 denique
1689 3771 1846 3839 scientias

315 3895 382 3962 sibi
412 3910 595 3981 expetunt,
634 3907 793 4000 nonnulli
816 3915 919 3983 sunt,
942 3907 1040 3988 pauci
1063 3908 1192 3976 fateor,
1224 3905 1284 3982 qui
1304 3902 1464 3964 scientias
1493 3907 1631 3972 ornant,
1656 3914 1727 3960 non
1755 3890 1848 3974 quod

316 4014 419 4082 utiles
440 4022 538 4089 sunt,
560 4013 724 4096 sedquod
744 4015 1095 4096 pulcrae,honestae‚
1120 4017 1331 4096 praeclamet
1352 4026 1501 4089 cumque
1524 4007 1649 4090 vulgus
1662 4004 1847 4070 hominum

317 4135 406 4218 ipsas
425 4132 636 4199 ancillarum
646 4135 723 4197 loco
734 4131 880 4207 habent,
896 4150 1044 4214 quarum
1062 4151 1187 4215 nempe
1205 4131 1398 4196 ministerro
1407 4132 1558 4194 utuntur
1577 4124 1621 4189 ad
1641 4124 1846 4208 cupiditates

317 4271 395 4318 suas
405 4271 414 4330 ;
424 4251 461 4314 hi
471 4253 545 4316 loco
558 4249 747 4316 amicarum
760 4251 896 4325 colunt,
911 4248 1117 4334 quibuscum
1132 4247 1355 4314 matrimonio
1362 4249 1506 4314 honesto
1518 4245 1677 4332 conjungi
1688 4245 1846 4331 cupiunt.

362 4363 566 4452 Quicunque
585 4388 624 4433 eo
647 4375 699 4432 est
720 4367 826 4433 animi
851 4389 973 4447 sensu,
1003 4369 1031 4434 is
1048 4376 1119 4446 est,
1143 4387 1247 4453 quem
1274 4367 1495 4452 quaerimus,
1531 4365 1720 4434 academiae
1741 4366 1843 4444 ciris,

320 4485 465 4553 adhunc
487 4496 641 4553 nostram
660 4482 916 4553 institutionem
935 4495 1038 4552 natus
1066 4495 1100 4574 et
1117 4488 1239 4554 sactus.
1286 4487 1394 4556 Ardet
1416 4486 1452 4552 in
1472 4488 1544 4572 ejus
1562 4493 1700 4570 pectore
1711 4483 1846 4551 divinus

320 4602 383 4670 ille
407 4603 495 4691 ignis
512 4606 659 4682 amoris,
679 4626 747 4691 quo
767 4606 1023 4683 inflammatur,
1054 4625 1124 4692 quo
1150 4606 1347 4685 incalescit,
1370 4627 1439 4693 quo
1459 4607 1503 4672 ad
1520 4606 1696 4690 praeclara
1708 4602 1846 4688 quaeris

322 4720 507 4800 incitatur,
544 4745 613 4810 quo
651 4724 738 4790 nihil
769 4745 840 4790 non
885 4725 1082 4810 suscipere,
1111 4728 1291 4812 perferre,
1336 4725 1408 4811 pati
1441 4725 1559 4806 velit,
1593 4726 1664 4792 sire
1701 4723 1847 4793 laboris.
1896 4803 1924 4818 δ
2028 4791 2036 4810 Ι

322 4838 394 4906 sire
422 4843 543 4921 taedii,
591 4842 663 4912 sire
706 4843 905 4922 molestiae,
957 4852 998 4912 ut
1034 4865 1176 4931 compos
1221 4845 1359 4915 tandem
1390 4845 1453 4912 liat
1490 4857 1650 4918 rotarum
1692 4863 1847 4912 sucrum.

1441 4961 1469 5030 C
