4956 6246
915 797 1192 869 ORATIO.
1772 803 1824 874 57,

298 1011 516 1094 praeeuntes3
547 1021 639 1070 nnnc
666 1023 768 1074 cerno
811 1008 915 1096 hujus
944 1010 1055 1074 almae
1081 978 1315 1074 doctrinarum
1342 1003 1430 1072 sedis
1459 999 1596 1069 laudem
1615 1011 1650 1068 et
1671 1003 1814 1087 gloriam

246 1131 248 1136 ’
297 1128 524 1193 cumulantes.
578 1123 768 1192 Maximum
805 1124 911 1213 igitur
944 1124 1054 1192 babeo
1091 1125 1194 1191 illum
1218 1121 1304 1188 mihi
1338 1123 1516 1190 decretum
1538 1123 1722 1193 honorem,
1748 1137 1815 1200 quo

295 1243 447 1310 muneris
476 1243 626 1330 suseepti
664 1247 830 1330 quaedam
862 1254 978 1330 partes
1006 1242 1192 1310 uobiscum
1225 1242 1296 1311 sint
1324 1243 1520 1327 explendae.
1563 1240 1617 1306 Ita
1632 1241 1737 1306 etiam
1759 1255 1816 1301 me

296 1362 405 1450 magis
432 1363 651 1430 sublevatum
669 1365 814 1431 sentiam
834 1362 948 1430 vestri
972 1361 1221 1438 benivolentii,
1243 1370 1320 1428 tum
1348 1381 1428 1428 vero
1454 1359 1620 1438 amicitie,
1638 1357 1708 1444 qui
1725 1356 1817 1424 viam

296 1491 503 1559 monstrare,
532 1482 591 1546 ubi
613 1503 699 1568 opus
720 1465 818 1564 erit,
853 1501 977 1572 meque
1000 1481 1150 1548 consiliis
1179 1481 1336 1566 prosequi
1366 1479 1490 1546 velitis.
1527 1478 1619 1545 Illud
1645 1479 1816 1546 leramem

295 1610 437 1684 perstet.

339 1833 385 1900 Et
414 1806 515 1914 Tibi,
550 1855 599 1902 cn.
627 1857 694 1903 vrrs
723 1857 785 1904 on
814 1857 899 1903 soor
928 1837 1053 1904 moal
1083 1854 1186 1920 quem
1208 1837 1351 1902 maritae
1377 1835 1493 1900 laudes
1529 1841 1712 1907 coronant,
1735 1851 1816 1902 cum

295 1962 435 2037 propter
475 1953 600 2040 ingenii
628 1957 890 2032 subtilitatem,
929 1965 1007 2018 tum
1035 1961 1178 2037 propter
1216 1950 1377 2018 scientiae
1414 1951 1568 2034 copiam,
1611 1969 1699 2034 quae
1743 1959 1815 2015 tam

295 2072 518 2156 Academiae„
548 2093 653 2157 quam
683 2073 835 2149 artibus,
856 2070 1052 2154 civiumque
1081 2089 1207 2154 magno
1226 2070 1324 2143 usui,
1359 2077 1469 2131 tantos
1492 2067 1654 2132 utilitatis
1679 2067 1814 2132 fructus

295 2186 449 2269 praebet.
482 2188 652 2264 -Tibi,
690 2211 729 2253 ex
771 2187 875 2250 animi
917 2185 985 2249 mei
1026 2204 1146 2258 sensu,
1189 2183 1363 2247 offirmare
1401 2182 1525 2260 liceat,
1568 2181 1717 2246 maxime
1760 2201 1818 2246 me

293 2305 451 2389 gloriari,
480 2308 653 2386 aequalem
680 2312 714 2368 te
744 2301 846 2368 fuisse
875 2321 942 2368 non
964 2305 1084 2379 nrodo,
1116 2300 1365 2368 verumetiam
1384 2322 1476 2365 nunc
1497 2299 1818 2386 conjunctissimum

295 2421 380 2484 mihi
411 2420 553 2486 existere
581 2423 683 2486 velle.
738 2417 811 2483 Tua
843 2416 976 2505 igitur,
1006 2439 1111 2504 quam
1139 2419 1333 2504 saepissime
1361 2430 1522 2504 expertus
1545 2443 1643 2500 sum,
1675 2424 1817 2488 comitas

297 2538 383 2602 mihi
416 2537 491 2623 erit
515 2537 794 2621 exoptatissima,
834 2547 961 2624 tuoque
993 2539 1205 2605 consuetudo
1233 2537 1319 2602 mihi
1350 2538 1417 2604 erit
1444 2538 1593 2604 maxime
1615 2539 1813 2625 expetenda.

294 2655 342 2724 Te
389 2655 558 2731 amicum,
612 2656 660 2721 Te
689 2653 856 2738 icosium,
900 2655 947 2722 Te
984 2657 1147 2723 comitem
1198 2660 1271 2728 sore
1317 2656 1405 2721 mihi
1444 2660 1617 2743 expediet3
1660 2679 1814 2745 quaeque

293 2784 464 2860 praestare
490 2774 640 2853 debebo,
669 2785 709 2841 ut
739 2784 775 2840 et
802 2775 865 2840 tibi
887 2775 952 2840 sim
989 2777 1310 2864 conjunctissimus,
1343 2797 1380 2840 eo
1409 2778 1452 2841 ad
1479 2777 1671 2863 gratissima
1701 2777 1815 2843 officia

293 2895 451 2958 reseram.

339 3130 386 3194 Te
425 3147 579 3216 quoque,
617 3130 845 3204 astronomiae
876 3131 1020 3198 aaaron!
1058 3129 1126 3198 Vra
1151 3151 1337 3198 ooorrssrnr
1366 3137 1401 3198 at
1431 3147 1672 3200 urrarrssrnr!
1707 3143 1747 3199 ut
1775 3134 1811 3198 in

295 3249 483 3314 amicorum
519 3268 664 3313 numero
705 3249 869 3333 habeam,
913 3253 1053 3320 omnino
1090 3253 1176 3317 mihi
1210 3251 1398 3337 optandum
1431 3256 1494 3313 est.
1541 3247 1655 3313 Tuum
1687 3251 1812 3316 etenim

291 3367 464 3436 admiror,
500 3363 684 3451 magnique
724 3367 826 3442 facio,
861 3365 1069 3454 singularem
1106 3368 1351 3436 astronomicae
1400 3366 1598 3452 disciplinae
1637 3391 1812 3441 amorem.

294 3505 360 3567 quo
382 3486 521 3550 nullum
544 3481 718 3560 studium,
748 3487 846 3552 nulla
873 3488 1094 3567 exercitatio,
1126 3490 1243 3554 nullus
1264 3488 1385 3568 labor,
1410 3506 1473 3551 nec
1494 3485 1631 3554 crebrae
1647 3486 1814 3553 lucubra-

294 3600 421 3674 tiones,
448 3599 575 3680 uerbo,
603 3600 664 3688 qui
688 3601 775 3668 nihil
801 3604 980 3670 molestius
1003 3614 1064 3670 aut
1090 3604 1258 3691 ingratius
1284 3605 1436 3692 judicas,
1459 3605 1646 3669 dummodo
1667 3604 1810 3669 sublimi
1835 3579 1838 3592 ⁸

295 3717 348 3779 illi
376 3737 415 3778 ac
445 3715 576 3780 divinae
605 3717 784 3795 scientiae,
814 3722 882 3802 qud
914 3722 983 3786 rita
1005 3721 1068 3787 tibi
1085 3723 1178 3787 baud
1197 3722 1308 3787 carior
1325 3721 1484 3794 ridetur,
1511 3721 1669 3802 prodesse
1688 3721 1807 3802 possis.

294 3833 369 3896 Jam
388 3833 462 3916 jam
486 3829 549 3892 hac
575 3831 634 3895 tud
657 3834 891 3900 laudatissima
915 3836 1091 3922 diligentia
1119 3858 1159 3902 ac
1184 3837 1306 3922 magna
1331 3835 1469 3926 peritii,
1492 3837 1595 3920 hujus
1611 3835 1808 3902 Academiae

268 3945 437 4012 -utilitati
463 3961 532 4005 non
562 3946 683 4021 modo,
717 3950 776 4013 sed
809 3951 935 4035 gloriae
966 3952 1070 4016 etiam
1085 3997 1096 4030 ‚
1126 3950 1256 4039 egregie
1285 3961 1320 4017 ct
1352 3949 1483 4034 optime
1511 3951 1670 4014 consulis.
1717 3949 1812 4017 Hanc

294 4064 438 4152 gloriam
468 4070 509 4127 ut
534 4063 707 4142 cumules,
735 4072 845 4148 utque
864 4067 1002 4142 exinde,
1034 4087 1121 4152 quae
1145 4067 1209 4131 tibi
1228 4067 1423 4141 debentur,
1457 4065 1589 4132 abunde
1614 4079 1802 4144 emanent,

294 4186 397 4258 etiarn
415 4191 519 4265 atque
540 4181 644 4247 etiam
661 4201 769 4263 spero.

335 4424 384 4489 De
416 4443 559 4489 munere
588 4419 932 4490 honorificentissimo
966 4421 1185 4512 laudabiliter
1214 4425 1383 4510 fungendo
1409 4423 1492 4488 dum
1512 4423 1641 4509 cogito,
1660 4423 1813 4508 dumque

291 4541 481 4608 officiorum
509 4550 684 4606 momenta
708 4540 897 4622 perpendo,
921 4535 990 4605 Vos
1016 4561 1157 4620 omnes,
1177 4559 1315 4604 scurras
1337 4559 1635 4618 sarracenescum,
1655 4558 1812 4609 oouurnr-

224 4657 229 4662 ’
291 4677 390 4724 rosas
421 4657 550 4735 orrrrrrl
587 4659 675 4724 mihi
703 4670 871 4745 perpetuo
900 4670 979 4725 ante
1012 4664 1129 4726 oculos
1160 4661 1305 4741 versari,
1338 4681 1423 4728 num
1449 4661 1641 4729 dubitetis?
1669 4661 1812 4749 Propter

290 4771 359 4847 Vos
383 4775 510 4842 etenim
538 4773 719 4842 Academia
746 4776 907 4844 instituta
933 4786 996 4844 est.
1045 4777 1185 4863 Propter
1207 4801 1286 4861 vos,
1320 4782 1376 4846 cui
1396 4781 1538 4848 docendi
1559 4781 1733 4868 provincia
1760 4791 1812 4851 est

1465 4895 1495 4969 H
