4918 6254
646 759 691 828 m
1284 744 1486 818 ORATIO

645 957 728 1024 istos
746 955 863 1020 decere
884 949 1115 1032 putabamus,
1144 945 1235 1034 ritn,
1262 951 1426 1035 antiquo,
1454 949 1610 1018 Leidensi
1629 958 1665 1016 et
1693 943 1918 1023 Academico,
1947 947 2020 1014 sine
2043 967 2171 1032 pompa

643 1082 679 1142 et
708 1067 955 1144 ostentatione,
997 1067 1089 1136 intra
1124 1068 1329 1136 domesticos
1367 1068 1512 1153 parietes
1553 1079 1589 1136 et
1616 1079 1794 1154 tamqnam
1822 1066 1860 1132 in
1889 1066 1967 1132 sinu
2006 1069 2168 1136 familiae.

642 1191 882 1264 nanetentm,
913 1184 974 1271 qui
1003 1185 1131 1257 velint,
1158 1196 1299 1252 ornatus
1328 1187 1502 1271 conspicui
1524 1186 1691 1274 elegantia
1721 1194 1756 1250 et
1789 1184 1906 1269 copia,
1944 1186 2105 1272 tubisque
2131 1200 2167 1254 et

644 1305 817 1395 tympanis
847 1325 908 1389 per
923 1303 1003 1375 'rias
1024 1318 1058 1373 et
1075 1305 1149 1375 fora
1171 1306 1344 1374 celebrent
1359 1307 1484 1400 ,quod
1502 1305 1587 1372 bene
1605 1309 1736 1372 factum
1759 1315 1902 1392 putant:
1925 1314 2044 1372 nostra
2069 1307 2168 1374 nobis

605 1491 610 1498 ,
642 1426 845 1510 simplicitas
862 1432 915 1490 set
933 1432 1009 1500 est,
1031 1441 1197 1505 eamque,
1215 1434 1292 1492 uta
1313 1424 1502 1510 majoribus
1518 1426 1615 1511 quasi
1632 1447 1693 1509 per
1715 1445 1837 1494 manus
1861 1423 2023 1490 traditam
2041 1426 2171 1509 accepi-

643 1562 741 1616 mus,
776 1541 825 1606 ita
835 1541 961 1610 nostris
988 1539 1172 1626 nepotibus
1190 1562 1312 1608 rursus
1341 1543 1516 1608 trademus
1535 1541 1786 1626 incorruptam.
1835 1537 1890 1604 Sic
1917 1538 2021 1604 Leida
2043 1541 2168 1616 crevit,

643 1669 860 1743 crescetque,
876 1671 911 1726 et
932 1683 995 1744 per
1010 1660 1173 1731 invidiam
1186 1671 1221 1729 et
1238 1661 1424 1728 calumniae
1443 1664 1553 1748 major
1570 1660 1606 1726 in
1621 1659 1691 1726 dies
1706 1659 1951 1750 pulchriorque
1971 1659 2168 1724 efflorescat.

688 1776 804 1861 Neque
836 1780 917 1842 adeo
950 1799 1028 1852 ros,
1062 1780 1187 1864 egregii
1228 1781 1481 1854 adolescentes,
1519 1779 1672 1863 opinioni
1706 1779 1787 1844 huic
1818 1785 1954 1842 nostrae
1985 1775 2169 1854 innutriti,

645 1894 764 1960 mirari
785 1894 968 1978 potuistis,
990 1914 1051 1962 cur
1081 1911 1141 1965 ros
1161 1896 1197 1962 in
1213 1899 1302 1962 hanc
1317 1899 1437 1963 aedem
1454 1898 1505 1962 sie
1522 1897 1765 1980 acceperimus.
1809 1892 2035 1980 Quacumque
2053 1895 2169 1960 oculos

644 2013 875 2081 circumfero.
909 2012 966 2076 hio
1018 2025 1221 2098 suggestus,
1261 2015 1329 2080 ista
1363 2014 1550 2090 subsellia,
1588 2013 1758 2096 parietes,
1797 2015 1955 2096 lacunar,
1995 2019 2170 2078 testantur

644 2127 897 2212 antiquitatem.
947 2124 1080 2192 sanent
1101 2129 1305 2214 elegantiam
1326 2131 1535 2212 quaerimus.
1580 2125 1698 2210 Nuper
1720 2126 1891 2194 nonnulla
1910 2127 2005 2192 suere
2023 2128 2171 2201 refecta,

551 2253 553 2257 ’
644 2249 703 2313 sed
725 2254 766 2312 nt
794 2243 939 2310 Romani
964 2265 1077 2311 casam
1102 2244 1243 2312 Romuli
1275 2267 1410 2332 semper
1440 2244 1662 2324 reficiebant,
1692 2264 1735 2308 ne
1766 2245 1998 2312 collaberetur
2029 2244 2169 2312 scilicet.

644 2365 730 2434 Mihi
748 2365 886 2449 quidem
916 2386 955 2430 ea
985 2363 1121 2450 religio·
1136 2366 1259 2432 accidit
1293 2368 1393 2452 longe
1417 2364 1694 2452 jucundissima,
1724 2382 1804 2442 nec,
1839 2361 1868 2426 si
1895 2383 2051 2448 possem,
2091 2387 2170 2431 cnm

643 2483 795 2570 palatio,
835 2482 1037 2554 marmoreis
1073 2483 1313 2550 irrlciminibns
1344 2482 1489 2552 sublimi
1524 2501 1679 2564 auroque
1713 2487 1748 2546 et
1783 2488 1923 2564 argento
1951 2482 2170 2564 splendente,

645 2612 829 2668 mutarem.
876 2597 1006 2686 Quodsi
1047 2604 1195 2686 maj0res
1234 2600 1345 2665 nostri
1383 2601 1530 2666 fuissent
1569 2597 1747 2678 arbitrati,
1783 2605 1873 2662 artes
1907 2607 1942 2662 et
1976 2599 2170 2683 disciplinas

525 2777 528 2782 .
645 2723 692 2786 lbi
724 2718 873 2786 maxime
900 2719 1044 2795 florere,
1075 2720 1136 2783 ubi
1163 2719 1311 2799 externis
1344 2719 1508 2784 decorum
1537 2715 1746 2803 ornamentis
1774 2715 1969 2803 plurimum
1995 2719 2167 2804 niterent,

644 2858 713 2904 non
732 2838 872 2902 deerant
898 2855 998 2918 opes,
1023 2833 1146 2916 quibus
1177 2834 1370 2918 prinoipem
1398 2830 1626 2920 Academiam]
1634 2832 1877 2897 illustrassent.
1923 2829 2094 2901 Putabant
2115 2837 2168 2902 illi

644 2975 762 3022 reram
793 2953 989 3016 animorum
1020 2954 1259 3035 factorumque
1294 2950 1567 3036 magnitudinem
1589 2960 1624 3016 et
1654 2948 1820 3032 superbos
1844 2950 1960 3014 cultus
1985 2969 2062 3019 raro
2084 2953 2170 3021 bene

646 3067 826 3138 convenire
851 3073 887 3130 et
907 3066 944 3130 in
964 3067 1081 3135 eadem
1101 3068 1178 3133 sede
1202 3067 1344 3134 morari.

692 3185 755 3255 Rei
782 3181 920 3266 quidem
947 3181 1083 3248 arobis
1110 3193 1224 3270 gestae
1241 3205 1310 3252 non
1331 3184 1417 3250 alius
1441 3185 1549 3271 magis
1572 3186 1667 3250 locus
1690 3182 1921 3249 conveniebat.
1967 3183 2114 3254 Virtutis
2131 3209 2171 3254 ac

648 3302 845 3385 disciplinae
866 3310 1032 3385 perpetua
1056 3323 1168 3368 comes
1191 3315 1266 3370 erat
1292 3301 1471 3368 modestia.
1518 3303 1566 3368 Ea
1587 3323 1646 3369 ros
1664 3323 1707 3369 ne
1728 3312 1805 3386 post
1828 3302 2008 3375 victoriam
2030 3305 2168 3390 quidem

647 3423 840 3490 in'eumma
855 3420 1011 3486 omnium
1028 3421 1161 3490 laetitia
1176 3431 1211 3490 et
1228 3418 1422 3486 laudatione
1443 3420 1596 3506 reliquit.
1631 3420 1792 3492 Reversi,
1814 3441 1893 3486 cum
1913 3432 2006 3518 reste
2024 3422 2167 3488 militari

646 3540 798 3610 militem
814 3538 956 3604 exuistis
969 3538 1246 3624 ,nemoamplius
1263 3538 1425 3627 cogitavit
1437 3549 1497 3604 aut
1510 3540 1646 3605 loeutus
1662 3548 1714 3604 est
1728 3559 1833 3624 ,quae
1843 3539 1996 3622 iecisset,
2012 3541 2168 3608 contenti

648 3661 711 3734 ille
735 3679 850 3728 aereae
876 3662 986 3726 crucis
1005 3659 1155 3747 insigni,
1190 3660 1288 3744 quod,
1305 3679 1346 3724 ex
1365 3657 1585 3724 inimicorum
1613 3657 1795 3727 tormentis
1822 3659 2041 3742 coniectum,
2057 3659 2169 3746 quiris

646 3777 870 3863 expeditionis
883 3776 995 3844 socius
1019 3776 1056 3845 in
1073 3787 1210 3864 pectore
1235 3784 1357 3864 gestat.
1406 3772 1546 3843 Caetera
1563 3775 1692 3842 ordinis
1706 3775 1904 3843 Guilielmei
1921 3787 2171 3856 ornamente,a

644 3898 738 3984 Rege
760 3899 895 3980 oblata,
915 3908 957 3966 ut
983 3900 1074 3977 inter
1096 3898 1228 3980 optime
1250 3894 1393 3977 meritos
1422 3894 1678 3972 dividerentur,
1696 3896 1899 3972 recusastis,
1918 3896 2166 3974 imputantes,

646 4031 708 4078 suo
726 4030 897 4093 quemque
915 4011 1024 4075 officio
1045 4034 1116 4076 esse
1131 4015 1315 4084 functum,
1332 4011 1484 4090 factique
1506 4014 1746 4072 conscientiam
1760 4009 1926 4070 sufficere.
1949 4007 2050 4074 Tanti
2061 4009 2170 4076 nimi-

646 4149 727 4202 rum
747 4124 870 4209 oratu,
886 4124 915 4189 si
944 4123 1102 4210 nescitis,
1128 4124 1164 4188 in
1179 4125 1305 4190 honore
1318 4141 1387 4186 non
1403 4119 1614 4206 accipiendo,
1630 4122 1750 4214 quanti
1766 4121 1883 4189 fuistis
1898 4121 1935 4187 in
1955 4127 2130 4195 merendo.

647 4274 650 4285 ·
692 4240 761 4323 Hos
778 4262 896 4326 sensus
920 4241 1019 4332 digne,
1043 4242 1134 4334 capit
1156 4243 1260 4332 haee,
1289 4259 1398 4332 quem
1421 4236 1559 4332 ridetis,
1584 4239 1693 4308 aedes.
1741 4237 1794 4306 Ad
1814 4241 1876 4308 hos
1901 4262 1939 4307 ea
1958 4242 2055 4310 unice
2078 4243 2167 4310 iacta

645 4372 680 4427 et
701 4359 799 4445 qnasi
818 4335 899 4425 nata
928 4372 991 4427 est.
1037 4357 1255 4444 Quamquam
1281 4358 1310 4422 si
1336 4357 1559 4440 omittentes,
1587 4355 1679 4438 qnod
1700 4331 1809 4423 oculis
1838 4361 2031 4440 cernimus,
2055 4360 2166 4442 illud,

643 4477 737 4564 quod
759 4477 832 4544 sole
852 4485 967 4542 mente
984 4483 1020 4541 et
1040 4474 1244 4560 cogitatione
1263 4474 1393 4558 percipi
1409 4474 1532 4556 possit,
1551 4493 1760 4558 sequamur,
1779 4500 1858 4543 eum
1873 4478 1930 4547 bic
1950 4483 2161 4566 reperiemus

643 4598 880 4683 splendorem,
907 4596 966 4684 qui
991 4615 1061 4661 non
1086 4611 1127 4656 ex
1156 4589 1279 4655 ionicis
1304 4589 1502 4674 Doricisque
1534 4591 1723 4668 columnis,
1751 4597 1810 4661 sed
1837 4597 1960 4663 talium
1993 4575 2167 4684 majorum

642 4713 880 4807 egeprdagione
912 4711 1090 4792 nescitum,
1108 4707 1184 4793 „Me
1213 4710 1305 4796 quod
1325 4708 1498 4809 ⁸attinet,¹
1519 4729 1656 4797 ¹‚quum
1675 4713 1825 4800 ¹cogito,
1858 4725 1945 4802 quot
1972 4713 2093 4803 quanti
2109 4737 2166 4792 ‚ex

642 4811 892 4928 ,necsuggestu
911 4833 1013 4918 amba
1037 4832 1148 4934 iecere
1169 4829 1256 4934 viri,
1288 4830 1330 4900 ab
1367 4830 1505 4918 Enopa
1534 4838 1657 4909 cuncta
1687 4831 1895 4922 adspectati,
1926 4833 2104 4924 babitique
2130 4836 2167 4902 in
