<?xml version="1.0" encoding="UTF-8"?>
<!DOCTYPE html PUBLIC "-//W3C//DTD XHTML 1.0 Transitional//EN"
    "http://www.w3.org/TR/xhtml1/DTD/xhtml1-transitional.dtd">
<html xmlns="http://www.w3.org/1999/xhtml" xml:lang="en" lang="en">
 <head>
  <title>
</title>
<meta http-equiv="Content-Type" content="text/html;charset=utf-8" />
  <meta name='ocr-system' content='tesseract 3.04.00' />
  <meta name='ocr-capabilities' content='ocr_page ocr_carea ocr_par ocr_line ocrx_word'/>
</head>
<body>
  <div class='ocr_page' id='page_1' title='image "annalesacademic10unkngoog_0081.png"; bbox 0 0 4956 6246; ppageno 0'>
   <div class='ocr_carea' id='block_1_1' title="bbox 640 761 1866 848">
    <p class='ocr_par' dir='ltr' id='par_1_1' title="bbox 640 761 1866 848">
     <span class='ocr_line' id='line_1_1' title="bbox 640 761 1866 848; baseline -0.009 -1"><span class='ocrx_word' id='word_1_1' title='bbox 640 777 689 847; x_wconf 72' lang='grc'><strong>70</strong></span> <span class='ocrx_word' id='word_1_2' title='bbox 934 766 1113 842; x_wconf 80' lang='lat' dir='ltr'><strong>totNNts</strong></span> <span class='ocrx_word' id='word_1_3' title='bbox 1134 764 1349 840; x_wconf 74' lang='lat' dir='ltr'><strong>maotutel</strong></span> <span class='ocrx_word' id='word_1_4' title='bbox 1371 763 1461 837; x_wconf 72' lang='lat' dir='ltr'><strong>virt</strong></span> <span class='ocrx_word' id='word_1_5' title='bbox 1482 761 1650 848; x_wconf 78' lang='lat' dir='ltr'><strong>OORDT,</strong></span> <span class='ocrx_word' id='word_1_6' title='bbox 1679 762 1710 832; x_wconf 84' lang='lat' dir='ltr'><strong>J.</strong></span> <span class='ocrx_word' id='word_1_7' title='bbox 1727 763 1769 834; x_wconf 87' lang='lat' dir='ltr'><strong>G.</strong></span> <span class='ocrx_word' id='word_1_8' title='bbox 1789 761 1866 837; x_wconf 81' lang='lat' dir='ltr'><strong>ut.</strong></span> 
     </span>
    </p>
   </div>
   <div class='ocr_carea' id='block_1_2' title="bbox 595 960 2183 4970">
    <p class='ocr_par' dir='ltr' id='par_1_2' title="bbox 595 960 2183 4970">
     <span class='ocr_line' id='line_1_2' title="bbox 644 960 2173 1060; baseline -0.01 -14"><span class='ocrx_word' id='word_1_9' title='bbox 644 986 767 1046; x_wconf 81' lang='lat' dir='ltr'><strong>tenent.</strong></span> <span class='ocrx_word' id='word_1_10' title='bbox 801 975 867 1046; x_wconf 80' lang='lat' dir='ltr'><strong>ssd</strong></span> <span class='ocrx_word' id='word_1_11' title='bbox 883 973 977 1044; x_wconf 80' lang='lat' dir='ltr'><strong>aliud</strong></span> <span class='ocrx_word' id='word_1_12' title='bbox 991 981 1046 1042; x_wconf 89' lang='lat' dir='ltr'><strong>est</strong></span> <span class='ocrx_word' id='word_1_13' title='bbox 1063 995 1139 1043; x_wconf 83' lang='lat' dir='ltr'><strong>rem</strong></span> <span class='ocrx_word' id='word_1_14' title='bbox 1156 973 1346 1060; x_wconf 85' lang='lat' dir='ltr'><strong>perspicere</strong></span> <span class='ocrx_word' id='word_1_15' title='bbox 1360 1013 1370 1044; x_wconf 63' lang='lat'><em>2</em></span> <span class='ocrx_word' id='word_1_16' title='bbox 1388 971 1484 1040; x_wconf 86' lang='lat' dir='ltr'><strong>aliud</strong></span> <span class='ocrx_word' id='word_1_17' title='bbox 1501 989 1623 1039; x_wconf 80' lang='lat' dir='ltr'><strong>verum</strong></span> <span class='ocrx_word' id='word_1_18' title='bbox 1649 970 1685 1038; x_wconf 92' lang='lat' dir='ltr'><strong>in</strong></span> <span class='ocrx_word' id='word_1_19' title='bbox 1705 989 1745 1040; x_wconf 81' lang='lat' dir='ltr'><strong>ea</strong></span> <span class='ocrx_word' id='word_1_20' title='bbox 1759 966 1887 1038; x_wconf 65' lang='lat' dir='ltr'><strong>vidue</strong></span> <span class='ocrx_word' id='word_1_21' title='bbox 1909 960 2173 1059; x_wconf 61' lang='lat' dir='ltr'><strong>Menegesem,</strong></span> 
     </span>
     <span class='ocr_line' id='line_1_3' title="bbox 644 1068 2174 1177; baseline 0 -15"><span class='ocrx_word' id='word_1_22' title='bbox 644 1098 777 1164; x_wconf 87' lang='lat' dir='ltr'><strong>nullam</strong></span> <span class='ocrx_word' id='word_1_23' title='bbox 798 1097 873 1164; x_wconf 85' lang='lat' dir='ltr'><strong>fors</strong></span> <span class='ocrx_word' id='word_1_24' title='bbox 890 1068 1102 1163; x_wconf 61' lang='lat' dir='ltr'><strong>hommis&#39;de</strong></span> <span class='ocrx_word' id='word_1_25' title='bbox 1121 1089 1193 1158; x_wconf 86' lang='lat' dir='ltr'><strong>Deo</strong></span> <span class='ocrx_word' id='word_1_26' title='bbox 1213 1089 1464 1177; x_wconf 71' lang='lat' dir='ltr'><strong>cognitionem,</strong></span> <span class='ocrx_word' id='word_1_27' title='bbox 1484 1089 1551 1156; x_wconf 91' lang='lat' dir='ltr'><strong>nisi</strong></span> <span class='ocrx_word' id='word_1_28' title='bbox 1569 1088 1663 1176; x_wconf 86' lang='lat' dir='ltr'><strong>Ipse,</strong></span> <span class='ocrx_word' id='word_1_29' title='bbox 1684 1109 1787 1177; x_wconf 89' lang='lat' dir='ltr'><strong>quem</strong></span> <span class='ocrx_word' id='word_1_30' title='bbox 1809 1105 1912 1154; x_wconf 87' lang='lat' dir='ltr'><strong>nemo</strong></span> <span class='ocrx_word' id='word_1_31' title='bbox 1932 1085 2019 1155; x_wconf 80' lang='lat' dir='ltr'><strong>vidit</strong></span> <span class='ocrx_word' id='word_1_32' title='bbox 2040 1100 2102 1159; x_wconf 87' lang='lat' dir='ltr'><strong>aut</strong></span> <span class='ocrx_word' id='word_1_33' title='bbox 2118 1093 2174 1162; x_wconf 79' lang='lat' dir='ltr'><strong>vi·</strong></span> 
     </span>
     <span class='ocr_line' id='line_1_4' title="bbox 642 1205 2171 1300; baseline -0.006 -20"><span class='ocrx_word' id='word_1_34' title='bbox 642 1214 879 1300; x_wconf 73' lang='lat' dir='ltr'><strong>despoton,</strong></span> <span class='ocrx_word' id='word_1_35' title='bbox 904 1235 941 1282; x_wconf 88' lang='lat' dir='ltr'><strong>ss</strong></span> <span class='ocrx_word' id='word_1_36' title='bbox 957 1212 1056 1280; x_wconf 91' lang='lat' dir='ltr'><strong>uobis</strong></span> <span class='ocrx_word' id='word_1_37' title='bbox 1078 1211 1304 1296; x_wconf 84' lang='lat' dir='ltr'><strong>spectandum</strong></span> <span class='ocrx_word' id='word_1_38' title='bbox 1329 1209 1502 1296; x_wconf 83' lang='lat' dir='ltr'><strong>praebeat.</strong></span> <span class='ocrx_word' id='word_1_39' title='bbox 1548 1208 1595 1278; x_wconf 78' lang='lat' dir='ltr'><strong>ts</strong></span> <span class='ocrx_word' id='word_1_40' title='bbox 1614 1227 1696 1278; x_wconf 77' lang='lat' dir='ltr'><strong>vero</strong></span> <span class='ocrx_word' id='word_1_41' title='bbox 1720 1211 1786 1276; x_wconf 81' lang='lat' dir='ltr'><strong>boo</strong></span> <span class='ocrx_word' id='word_1_42' title='bbox 1809 1205 1925 1292; x_wconf 72' lang='grc' dir='ltr'>ἰμωιι</span> <span class='ocrx_word' id='word_1_43' title='bbox 1947 1225 2071 1272; x_wconf 78' lang='lat' dir='ltr'><strong>novum</strong></span> <span class='ocrx_word' id='word_1_44' title='bbox 2090 1229 2171 1280; x_wconf 82' lang='lat' dir='ltr'><strong>oon·</strong></span> 
     </span>
     <span class='ocr_line' id='line_1_5' title="bbox 643 1323 2170 1422; baseline -0.001 -22"><span class='ocrx_word' id='word_1_45' title='bbox 643 1333 740 1402; x_wconf 81' lang='lat' dir='ltr'><strong>oiliat</strong></span> <span class='ocrx_word' id='word_1_46' title='bbox 764 1335 827 1414; x_wconf 87' lang='lat' dir='ltr'><strong>iis,</strong></span> <span class='ocrx_word' id='word_1_47' title='bbox 856 1354 943 1422; x_wconf 88' lang='lat' dir='ltr'><strong>quae</strong></span> <span class='ocrx_word' id='word_1_48' title='bbox 970 1333 1068 1406; x_wconf 76' lang='lat' dir='ltr'><strong>dico,</strong></span> <span class='ocrx_word' id='word_1_49' title='bbox 1093 1335 1325 1394; x_wconf 78' lang='lat' dir='ltr'><strong>momentum·</strong></span> <span class='ocrx_word' id='word_1_50' title='bbox 1363 1325 1429 1396; x_wconf 86' lang='lat' dir='ltr'><strong>Pro</strong></span> <span class='ocrx_word' id='word_1_51' title='bbox 1458 1325 1596 1396; x_wconf 85' lang='lat' dir='ltr'><strong>infinite</strong></span> <span class='ocrx_word' id='word_1_52' title='bbox 1624 1349 1686 1396; x_wconf 84' lang='lat' dir='ltr'><strong>sus</strong></span> <span class='ocrx_word' id='word_1_53' title='bbox 1710 1323 1940 1414; x_wconf 66' lang='lat' dir='ltr'><strong>benignitate,</strong></span> <span class='ocrx_word' id='word_1_54' title='bbox 1957 1327 2034 1394; x_wconf 79' lang='lat' dir='ltr'><strong>vult</strong></span> <span class='ocrx_word' id='word_1_55' title='bbox 2056 1325 2170 1410; x_wconf 76' lang='lat' dir='ltr'><strong>Deus,</strong></span> 
     </span>
     <span class='ocr_line' id='line_1_6' title="bbox 642 1445 2171 1538; baseline 0.003 -22"><span class='ocrx_word' id='word_1_56' title='bbox 642 1461 690 1518; x_wconf 83' lang='lat' dir='ltr'><strong>ut.</strong></span> <span class='ocrx_word' id='word_1_57' title='bbox 714 1449 854 1538; x_wconf 91' lang='lat' dir='ltr'><strong>Ipsum,</strong></span> <span class='ocrx_word' id='word_1_58' title='bbox 886 1462 921 1521; x_wconf 84' lang='lat' dir='ltr'><strong>et</strong></span> <span class='ocrx_word' id='word_1_59' title='bbox 952 1450 1151 1527; x_wconf 81' lang='lat' dir='ltr'><strong>vinculum,</strong></span> <span class='ocrx_word' id='word_1_60' title='bbox 1181 1468 1253 1533; x_wconf 91' lang='lat' dir='ltr'><strong>quo</strong></span> <span class='ocrx_word' id='word_1_61' title='bbox 1281 1465 1364 1514; x_wconf 86' lang='lat' dir='ltr'><strong>cum</strong></span> <span class='ocrx_word' id='word_1_62' title='bbox 1399 1445 1479 1532; x_wconf 88' lang='lat' dir='ltr'><strong>Ipso</strong></span> <span class='ocrx_word' id='word_1_63' title='bbox 1506 1447 1767 1537; x_wconf 73' lang='lat' dir='ltr'><strong>conjungimur,</strong></span> <span class='ocrx_word' id='word_1_64' title='bbox 1800 1468 1881 1516; x_wconf 79' lang='lat' dir='ltr'><strong>sere</strong></span> <span class='ocrx_word' id='word_1_65' title='bbox 1915 1468 2171 1536; x_wconf 73' lang='lat' dir='ltr'><strong>cognoscamus.</strong></span> 
     </span>
     <span class='ocr_line' id='line_1_7' title="bbox 644 1563 2170 1656; baseline 0 -22"><span class='ocrx_word' id='word_1_66' title='bbox 644 1565 784 1634; x_wconf 77' lang='lat' dir='ltr'><strong>Etenim</strong></span> <span class='ocrx_word' id='word_1_67' title='bbox 813 1590 850 1635; x_wconf 90' lang='lat' dir='ltr'><strong>ee</strong></span> <span class='ocrx_word' id='word_1_68' title='bbox 876 1566 1039 1656; x_wconf 73' lang='lat' dir='ltr'><strong>patefecit</strong></span> <span class='ocrx_word' id='word_1_69' title='bbox 1061 1565 1098 1630; x_wconf 85' lang='lat' dir='ltr'><strong>in</strong></span> <span class='ocrx_word' id='word_1_70' title='bbox 1123 1568 1196 1649; x_wconf 89' lang='lat' dir='ltr'><strong>ipsa</strong></span> <span class='ocrx_word' id='word_1_71' title='bbox 1221 1583 1340 1632; x_wconf 87' lang='lat' dir='ltr'><strong>rernm</strong></span> <span class='ocrx_word' id='word_1_72' title='bbox 1366 1571 1515 1642; x_wconf 81' lang='lat' dir='ltr'><strong>notura,</strong></span> <span class='ocrx_word' id='word_1_73' title='bbox 1543 1585 1626 1632; x_wconf 90' lang='lat' dir='ltr'><strong>eum</strong></span> <span class='ocrx_word' id='word_1_74' title='bbox 1654 1563 1878 1651; x_wconf 83' lang='lat' dir='ltr'><strong>adspectabili</strong></span> <span class='ocrx_word' id='word_1_75' title='bbox 1905 1585 1964 1646; x_wconf 87' lang='lat' dir='ltr'><strong>sa;</strong></span> <span class='ocrx_word' id='word_1_76' title='bbox 1990 1585 2094 1640; x_wconf 85' lang='lat' dir='ltr'><strong>nam.</strong></span> <span class='ocrx_word' id='word_1_77' title='bbox 2116 1569 2170 1640; x_wconf 87' lang='lat' dir='ltr'><strong>uti</strong></span> 
     </span>
     <span class='ocr_line' id='line_1_8' title="bbox 640 1681 2172 1773; baseline 0.001 -24"><span class='ocrx_word' id='word_1_78' title='bbox 640 1683 765 1752; x_wconf 89' lang='lat' dir='ltr'><strong>Paulus</strong></span> <span class='ocrx_word' id='word_1_79' title='bbox 792 1685 861 1764; x_wconf 86' lang='lat' dir='ltr'><strong>sit,</strong></span> <span class='ocrx_word' id='word_1_80' title='bbox 887 1705 973 1770; x_wconf 90' lang='lat' dir='ltr'><strong>quae</strong></span> <span class='ocrx_word' id='word_1_81' title='bbox 1001 1682 1152 1769; x_wconf 87' lang='lat' dir='ltr'><strong>corporis</strong></span> <span class='ocrx_word' id='word_1_82' title='bbox 1178 1683 1288 1749; x_wconf 88' lang='lat' dir='ltr'><strong>oculis</strong></span> <span class='ocrx_word' id='word_1_83' title='bbox 1315 1684 1408 1749; x_wconf 88' lang='lat' dir='ltr'><strong>cerni</strong></span> <span class='ocrx_word' id='word_1_84' title='bbox 1438 1704 1507 1751; x_wconf 87' lang='lat' dir='ltr'><strong>non</strong></span> <span class='ocrx_word' id='word_1_85' title='bbox 1533 1693 1700 1770; x_wconf 82' lang='lat' dir='ltr'><strong>possunt,</strong></span> <span class='ocrx_word' id='word_1_86' title='bbox 1730 1692 1868 1754; x_wconf 83' lang='lat' dir='ltr'><strong>aeterna</strong></span> <span class='ocrx_word' id='word_1_87' title='bbox 1885 1681 1949 1752; x_wconf 86' lang='lat' dir='ltr'><strong>Dei</strong></span> <span class='ocrx_word' id='word_1_88' title='bbox 1963 1684 2014 1752; x_wconf 81' lang='lat' dir='ltr'><strong>sis</strong></span> <span class='ocrx_word' id='word_1_89' title='bbox 2030 1685 2172 1773; x_wconf 80' lang='lat' dir='ltr'><strong>ipseque</strong></span> 
     </span>
     <span class='ocr_line' id='line_1_9' title="bbox 640 1801 2171 1892; baseline 0.004 -24"><span class='ocrx_word' id='word_1_90' title='bbox 640 1801 754 1868; x_wconf 65' lang='lat' dir='ltr'><strong>buno</strong></span> <span class='ocrx_word' id='word_1_91' title='bbox 781 1805 857 1892; x_wconf 86' lang='lat' dir='ltr'><strong>ejus</strong></span> <span class='ocrx_word' id='word_1_92' title='bbox 883 1813 1027 1885; x_wconf 84' lang='lat' dir='ltr'><strong>nature,</strong></span> <span class='ocrx_word' id='word_1_93' title='bbox 1059 1802 1140 1868; x_wconf 89' lang='lat' dir='ltr'><strong>inde</strong></span> <span class='ocrx_word' id='word_1_94' title='bbox 1172 1802 1351 1870; x_wconf 86' lang='lat' dir='ltr'><strong>amando</strong></span> <span class='ocrx_word' id='word_1_95' title='bbox 1378 1802 1536 1878; x_wconf 78' lang='lat' dir='ltr'><strong>condito,</strong></span> <span class='ocrx_word' id='word_1_96' title='bbox 1570 1804 1607 1869; x_wconf 89' lang='lat' dir='ltr'><strong>iu</strong></span> <span class='ocrx_word' id='word_1_97' title='bbox 1636 1802 1701 1884; x_wconf 84' lang='lat' dir='ltr'><strong>iis,</strong></span> <span class='ocrx_word' id='word_1_98' title='bbox 1736 1824 1825 1891; x_wconf 89' lang='lat' dir='ltr'><strong>quas</strong></span> <span class='ocrx_word' id='word_1_99' title='bbox 1856 1804 2006 1883; x_wconf 81' lang='lat' dir='ltr'><strong>creavit,</strong></span> <span class='ocrx_word' id='word_1_100' title='bbox 2035 1803 2171 1874; x_wconf 87' lang='lat' dir='ltr'><strong>intento</strong></span> 
     </span>
     <span class='ocr_line' id='line_1_10' title="bbox 639 1921 2170 2010; baseline 0.002 -23"><span class='ocrx_word' id='word_1_101' title='bbox 639 1922 767 1990; x_wconf 88' lang='lat' dir='ltr'><strong>mentis</strong></span> <span class='ocrx_word' id='word_1_102' title='bbox 786 1925 889 1990; x_wconf 91' lang='lat' dir='ltr'><strong>oculo</strong></span> <span class='ocrx_word' id='word_1_103' title='bbox 908 1921 1184 2008; x_wconf 81' lang='lat' dir='ltr'><strong>conspiciuntur3</strong></span> <span class='ocrx_word' id='word_1_104' title='bbox 1218 1931 1296 1989; x_wconf 91' lang='lat' dir='ltr'><strong>tum</strong></span> <span class='ocrx_word' id='word_1_105' title='bbox 1316 1922 1454 1988; x_wconf 84' lang='lat' dir='ltr'><strong>interno</strong></span> <span class='ocrx_word' id='word_1_106' title='bbox 1469 1921 1578 2006; x_wconf 89' lang='lat' dir='ltr'><strong>ipsius</strong></span> <span class='ocrx_word' id='word_1_107' title='bbox 1599 1924 1768 2000; x_wconf 81' lang='lat' dir='ltr'><strong>hominis,</strong></span> <span class='ocrx_word' id='word_1_108' title='bbox 1784 1943 1890 2008; x_wconf 87' lang='lat' dir='ltr'><strong>quem</strong></span> <span class='ocrx_word' id='word_1_109' title='bbox 1910 1923 1953 1990; x_wconf 84' lang='lat' dir='ltr'><strong>ed</strong></span> <span class='ocrx_word' id='word_1_110' title='bbox 1971 1923 2024 1990; x_wconf 87' lang='lat' dir='ltr'><strong>sui</strong></span> <span class='ocrx_word' id='word_1_111' title='bbox 2045 1921 2170 2010; x_wconf 77' lang='lat' dir='ltr'><strong>imagi·</strong></span> 
     </span>
     <span class='ocr_line' id='line_1_11' title="bbox 641 2031 2171 2126; baseline -0.002 -20"><span class='ocrx_word' id='word_1_112' title='bbox 641 2061 721 2106; x_wconf 88' lang='lat' dir='ltr'><strong>nem</strong></span> <span class='ocrx_word' id='word_1_113' title='bbox 752 2041 972 2123; x_wconf 76' lang='lat' dir='ltr'><strong>informavit,</strong></span> <span class='ocrx_word' id='word_1_114' title='bbox 1006 2049 1048 2106; x_wconf 87' lang='lat' dir='ltr'><strong>ut</strong></span> <span class='ocrx_word' id='word_1_115' title='bbox 1073 2060 1114 2105; x_wconf 86' lang='lat' dir='ltr'><strong>ex</strong></span> <span class='ocrx_word' id='word_1_116' title='bbox 1138 2060 1175 2106; x_wconf 91' lang='lat' dir='ltr'><strong>se</strong></span> <span class='ocrx_word' id='word_1_117' title='bbox 1206 2040 1249 2105; x_wconf 83' lang='lat' dir='ltr'><strong>ad</strong></span> <span class='ocrx_word' id='word_1_118' title='bbox 1273 2049 1451 2107; x_wconf 74' lang='lat' dir='ltr'><strong>auctorem</strong></span> <span class='ocrx_word' id='word_1_119' title='bbox 1473 2056 1579 2104; x_wconf 89' lang='lat' dir='ltr'><strong>suum</strong></span> <span class='ocrx_word' id='word_1_120' title='bbox 1601 2037 1772 2104; x_wconf 70' lang='lat' dir='ltr'><strong>moeudat.</strong></span> <span class='ocrx_word' id='word_1_121' title='bbox 1802 2031 1966 2106; x_wconf 72' lang='lat' dir='ltr'><strong>Patefecit</strong></span> <span class='ocrx_word' id='word_1_122' title='bbox 1983 2062 2020 2107; x_wconf 92' lang='lat' dir='ltr'><strong>se</strong></span> <span class='ocrx_word' id='word_1_123' title='bbox 2039 2043 2077 2106; x_wconf 89' lang='lat' dir='ltr'><strong>in</strong></span> <span class='ocrx_word' id='word_1_124' title='bbox 2096 2042 2171 2126; x_wconf 78' lang='lat' dir='ltr'><strong>ipse</strong></span> 
     </span>
     <span class='ocr_line' id='line_1_12' title="bbox 640 2151 2171 2246; baseline 0.002 -24"><span class='ocrx_word' id='word_1_125' title='bbox 640 2155 772 2242; x_wconf 79' lang='lat' dir='ltr'><strong>generis</strong></span> <span class='ocrx_word' id='word_1_126' title='bbox 800 2157 945 2222; x_wconf 82' lang='lat' dir='ltr'><strong>humani</strong></span> <span class='ocrx_word' id='word_1_127' title='bbox 968 2155 1138 2236; x_wconf 88' lang='lat' dir='ltr'><strong>historia,</strong></span> <span class='ocrx_word' id='word_1_128' title='bbox 1168 2178 1257 2244; x_wconf 82' lang='lat' dir='ltr'><strong>quse</strong></span> <span class='ocrx_word' id='word_1_129' title='bbox 1289 2156 1419 2246; x_wconf 82' lang='lat' dir='ltr'><strong>egentis</strong></span> <span class='ocrx_word' id='word_1_130' title='bbox 1449 2164 1552 2240; x_wconf 83' lang='lat' dir='ltr'><strong>atqua</strong></span> <span class='ocrx_word' id='word_1_131' title='bbox 1578 2175 1615 2222; x_wconf 87' lang='lat' dir='ltr'><strong>se</strong></span> <span class='ocrx_word' id='word_1_132' title='bbox 1641 2151 1848 2220; x_wconf 84' lang='lat' dir='ltr'><strong>declarantis</strong></span> <span class='ocrx_word' id='word_1_133' title='bbox 1874 2151 1937 2220; x_wconf 86' lang='lat' dir='ltr'><strong>Dei</strong></span> <span class='ocrx_word' id='word_1_134' title='bbox 1962 2157 2103 2242; x_wconf 83' lang='lat' dir='ltr'><strong>ejusque</strong></span> <span class='ocrx_word' id='word_1_135' title='bbox 2126 2159 2171 2224; x_wconf 80' lang='lat' dir='ltr'><strong>ati</strong></span> 
     </span>
     <span class='ocr_line' id='line_1_13' title="bbox 640 2271 2170 2364; baseline 0.003 -22"><span class='ocrx_word' id='word_1_136' title='bbox 640 2279 795 2345; x_wconf 86' lang='lat' dir='ltr'><strong>homines</strong></span> <span class='ocrx_word' id='word_1_137' title='bbox 810 2276 953 2343; x_wconf 75' lang='lat' dir='ltr'><strong>rationis</strong></span> <span class='ocrx_word' id='word_1_138' title='bbox 974 2276 1151 2364; x_wconf 78' lang='lat' dir='ltr'><strong>egregium</strong></span> <span class='ocrx_word' id='word_1_139' title='bbox 1171 2276 1314 2361; x_wconf 88' lang='lat' dir='ltr'><strong>praebet</strong></span> <span class='ocrx_word' id='word_1_140' title='bbox 1340 2285 1377 2344; x_wconf 89' lang='lat' dir='ltr'><strong>et</strong></span> <span class='ocrx_word' id='word_1_141' title='bbox 1396 2295 1574 2362; x_wconf 86' lang='lat' dir='ltr'><strong>nunquam</strong></span> <span class='ocrx_word' id='word_1_142' title='bbox 1590 2271 1673 2340; x_wconf 88' lang='lat' dir='ltr'><strong>satis</strong></span> <span class='ocrx_word' id='word_1_143' title='bbox 1690 2273 1907 2356; x_wconf 83' lang='lat' dir='ltr'><strong>exploratum</strong></span> <span class='ocrx_word' id='word_1_144' title='bbox 1922 2277 2170 2358; x_wconf 84' lang='lat' dir='ltr'><strong>spectaculum.</strong></span> 
     </span>
     <span class='ocr_line' id='line_1_14' title="bbox 642 2389 2172 2480; baseline 0 -17"><span class='ocrx_word' id='word_1_145' title='bbox 642 2393 709 2463; x_wconf 92' lang='lat' dir='ltr'><strong>Ubi</strong></span> <span class='ocrx_word' id='word_1_146' title='bbox 735 2417 754 2460; x_wconf 89' lang='lat' dir='ltr'><strong>a</strong></span> <span class='ocrx_word' id='word_1_147' title='bbox 781 2415 862 2462; x_wconf 77' lang='lat' dir='ltr'><strong>vero</strong></span> <span class='ocrx_word' id='word_1_148' title='bbox 891 2394 928 2459; x_wconf 91' lang='lat' dir='ltr'><strong>iu</strong></span> <span class='ocrx_word' id='word_1_149' title='bbox 951 2392 1055 2460; x_wconf 85' lang='lat' dir='ltr'><strong>rebus</strong></span> <span class='ocrx_word' id='word_1_150' title='bbox 1071 2392 1195 2460; x_wconf 83' lang='lat' dir='ltr'><strong>divinis</strong></span> <span class='ocrx_word' id='word_1_151' title='bbox 1215 2393 1415 2462; x_wconf 78' lang='lat' dir='ltr'><strong>aberrarent</strong></span> <span class='ocrx_word' id='word_1_152' title='bbox 1431 2413 1571 2480; x_wconf 85' lang='lat' dir='ltr'><strong>prorsus</strong></span> <span class='ocrx_word' id='word_1_153' title='bbox 1595 2393 1781 2478; x_wconf 72' lang='lat' dir='ltr'><strong>mortales,</strong></span> <span class='ocrx_word' id='word_1_154' title='bbox 1800 2389 1903 2460; x_wconf 83' lang='lat' dir='ltr'><strong>variis</strong></span> <span class='ocrx_word' id='word_1_155' title='bbox 1922 2391 1998 2478; x_wconf 89' lang='lat' dir='ltr'><strong>ipse</strong></span> <span class='ocrx_word' id='word_1_156' title='bbox 2013 2415 2096 2463; x_wconf 87' lang='lat' dir='ltr'><strong>usus</strong></span> <span class='ocrx_word' id='word_1_157' title='bbox 2117 2406 2172 2468; x_wconf 88' lang='lat' dir='ltr'><strong>est</strong></span> 
     </span>
     <span class='ocr_line' id='line_1_15' title="bbox 647 2508 2173 2598; baseline 0.001 -19"><span class='ocrx_word' id='word_1_158' title='bbox 647 2512 990 2598; x_wconf 85' lang='lat' dir='ltr'><strong>opportunitatibus,</strong></span> <span class='ocrx_word' id='word_1_159' title='bbox 1018 2511 1145 2596; x_wconf 88' lang='lat' dir='ltr'><strong>quibus</strong></span> <span class='ocrx_word' id='word_1_160' title='bbox 1179 2533 1216 2578; x_wconf 89' lang='lat' dir='ltr'><strong>se</strong></span> <span class='ocrx_word' id='word_1_161' title='bbox 1248 2512 1522 2598; x_wconf 74' lang='lat' dir='ltr'><strong>cognoscendum</strong></span> <span class='ocrx_word' id='word_1_162' title='bbox 1556 2509 1755 2595; x_wconf 83' lang='lat' dir='ltr'><strong>praeberet,</strong></span> <span class='ocrx_word' id='word_1_163' title='bbox 1789 2518 1895 2595; x_wconf 84' lang='lat' dir='ltr'><strong>atque</strong></span> <span class='ocrx_word' id='word_1_164' title='bbox 1923 2508 1966 2574; x_wconf 88' lang='lat' dir='ltr'><strong>ad</strong></span> <span class='ocrx_word' id='word_1_165' title='bbox 1991 2509 2173 2582; x_wconf 82' lang='lat' dir='ltr'><strong>veritatem</strong></span> 
     </span>
     <span class='ocr_line' id='line_1_16' title="bbox 647 2625 2175 2720; baseline 0.004 -26"><span class='ocrx_word' id='word_1_166' title='bbox 647 2629 828 2696; x_wconf 86' lang='lat' dir='ltr'><strong>bominum</strong></span> <span class='ocrx_word' id='word_1_167' title='bbox 850 2637 983 2696; x_wconf 86' lang='lat' dir='ltr'><strong>mentes</strong></span> <span class='ocrx_word' id='word_1_168' title='bbox 1001 2630 1200 2715; x_wconf 89' lang='lat' dir='ltr'><strong>snimosque</strong></span> <span class='ocrx_word' id='word_1_169' title='bbox 1214 2636 1444 2698; x_wconf 74' lang='lat' dir='ltr'><strong>converteret.</strong></span> <span class='ocrx_word' id='word_1_170' title='bbox 1488 2625 1556 2698; x_wconf 79' lang='lat' dir='ltr'><strong>seu</strong></span> <span class='ocrx_word' id='word_1_171' title='bbox 1570 2635 1683 2720; x_wconf 85' lang='lat' dir='ltr'><strong>majus</strong></span> <span class='ocrx_word' id='word_1_172' title='bbox 1699 2631 1784 2715; x_wconf 89' lang='lat' dir='ltr'><strong>quid</strong></span> <span class='ocrx_word' id='word_1_173' title='bbox 1798 2628 1980 2698; x_wconf 83' lang='lat' dir='ltr'><strong>dicendum</strong></span> <span class='ocrx_word' id='word_1_174' title='bbox 1997 2627 2175 2702; x_wconf 78' lang='lat' dir='ltr'><strong>nabemm.</strong></span> 
     </span>
     <span class='ocr_line' id='line_1_17' title="bbox 646 2745 2174 2836; baseline 0.004 -24"><span class='ocrx_word' id='word_1_175' title='bbox 646 2747 756 2815; x_wconf 85' lang='lat' dir='ltr'><strong>Tanta</strong></span> <span class='ocrx_word' id='word_1_176' title='bbox 775 2749 843 2816; x_wconf 90' lang='lat' dir='ltr'><strong>fuit</strong></span> <span class='ocrx_word' id='word_1_177' title='bbox 861 2746 998 2814; x_wconf 87' lang='lat' dir='ltr'><strong>Summi</strong></span> <span class='ocrx_word' id='word_1_178' title='bbox 1015 2745 1172 2815; x_wconf 84' lang='lat' dir='ltr'><strong>Numinis</strong></span> <span class='ocrx_word' id='word_1_179' title='bbox 1191 2768 1299 2826; x_wconf 82' lang='lat' dir='ltr'><strong>curs,</strong></span> <span class='ocrx_word' id='word_1_180' title='bbox 1318 2758 1360 2814; x_wconf 94' lang='lat' dir='ltr'><strong>ut</strong></span> <span class='ocrx_word' id='word_1_181' title='bbox 1374 2767 1454 2816; x_wconf 80' lang='lat' dir='ltr'><strong>vere</strong></span> <span class='ocrx_word' id='word_1_182' title='bbox 1474 2746 1593 2832; x_wconf 88' lang='lat' dir='ltr'><strong>lpsum</strong></span> <span class='ocrx_word' id='word_1_183' title='bbox 1612 2757 1831 2836; x_wconf 85' lang='lat' dir='ltr'><strong>cognosceret</strong></span> <span class='ocrx_word' id='word_1_184' title='bbox 1846 2747 2027 2815; x_wconf 89' lang='lat' dir='ltr'><strong>bominum</strong></span> <span class='ocrx_word' id='word_1_185' title='bbox 2047 2769 2174 2835; x_wconf 81' lang='lat' dir='ltr'><strong>genus.</strong></span> 
     </span>
     <span class='ocr_line' id='line_1_18' title="bbox 647 2865 2175 2951; baseline 0.002 -18"><span class='ocrx_word' id='word_1_186' title='bbox 647 2878 689 2934; x_wconf 90' lang='lat' dir='ltr'><strong>ut</strong></span> <span class='ocrx_word' id='word_1_187' title='bbox 709 2867 824 2933; x_wconf 85' lang='lat' dir='ltr'><strong>filiurn</strong></span> <span class='ocrx_word' id='word_1_188' title='bbox 841 2866 918 2951; x_wconf 90' lang='lat' dir='ltr'><strong>Ipse</strong></span> <span class='ocrx_word' id='word_1_189' title='bbox 935 2887 1040 2932; x_wconf 88' lang='lat' dir='ltr'><strong>snum</strong></span> <span class='ocrx_word' id='word_1_190' title='bbox 1059 2889 1079 2932; x_wconf 91' lang='lat' dir='ltr'><strong>e</strong></span> <span class='ocrx_word' id='word_1_191' title='bbox 1100 2869 1195 2933; x_wconf 89' lang='lat' dir='ltr'><strong>coslo</strong></span> <span class='ocrx_word' id='word_1_192' title='bbox 1215 2865 1434 2941; x_wconf 81' lang='lat' dir='ltr'><strong>dimitteret,</strong></span> <span class='ocrx_word' id='word_1_193' title='bbox 1463 2866 1542 2949; x_wconf 87' lang='lat' dir='ltr'><strong>qui,</strong></span> <span class='ocrx_word' id='word_1_194' title='bbox 1570 2875 1613 2934; x_wconf 86' lang='lat' dir='ltr'><strong>ut</strong></span> <span class='ocrx_word' id='word_1_195' title='bbox 1635 2868 1740 2934; x_wconf 88' lang='lat' dir='ltr'><strong>homo</strong></span> <span class='ocrx_word' id='word_1_196' title='bbox 1759 2865 1851 2935; x_wconf 79' lang='lat' dir='ltr'><strong>iuter</strong></span> <span class='ocrx_word' id='word_1_197' title='bbox 1869 2866 2025 2934; x_wconf 86' lang='lat' dir='ltr'><strong>homines</strong></span> <span class='ocrx_word' id='word_1_198' title='bbox 2039 2867 2175 2948; x_wconf 80' lang='lat' dir='ltr'><strong>vivens,</strong></span> 
     </span>
     <span class='ocr_line' id='line_1_19' title="bbox 649 2979 2175 3076; baseline 0.003 -24"><span class='ocrx_word' id='word_1_199' title='bbox 649 2989 762 3076; x_wconf 83' lang='lat' dir='ltr'><strong>imago</strong></span> <span class='ocrx_word' id='word_1_200' title='bbox 795 2995 884 3054; x_wconf 90' lang='lat' dir='ltr'><strong>essot</strong></span> <span class='ocrx_word' id='word_1_201' title='bbox 920 2984 1027 3070; x_wconf 89' lang='lat' dir='ltr'><strong>ipsius</strong></span> <span class='ocrx_word' id='word_1_202' title='bbox 1057 2982 1239 3050; x_wconf 76' lang='lat' dir='ltr'><strong>invisibilis</strong></span> <span class='ocrx_word' id='word_1_203' title='bbox 1270 2981 1351 3065; x_wconf 80' lang='lat' dir='ltr'><strong>Dsi3</strong></span> <span class='ocrx_word' id='word_1_204' title='bbox 1381 2980 1493 3066; x_wconf 88' lang='lat' dir='ltr'><strong>ipsam</strong></span> <span class='ocrx_word' id='word_1_205' title='bbox 1518 2979 1583 3050; x_wconf 81' lang='lat' dir='ltr'><strong>Hic</strong></span> <span class='ocrx_word' id='word_1_206' title='bbox 1614 2982 1767 3052; x_wconf 80' lang='lat' dir='ltr'><strong>divinam</strong></span> <span class='ocrx_word' id='word_1_207' title='bbox 1796 2994 1975 3064; x_wconf 82' lang='lat' dir='ltr'><strong>usturam,</strong></span> <span class='ocrx_word' id='word_1_208' title='bbox 2010 2994 2175 3072; x_wconf 77' lang='lat' dir='ltr'><strong>quotenus</strong></span> 
     </span>
     <span class='ocr_line' id='line_1_20' title="bbox 650 3099 2177 3190; baseline 0.001 -17"><span class='ocrx_word' id='word_1_209' title='bbox 650 3105 970 3175; x_wconf 87' lang='lat' dir='ltr'><strong>hominibushacin</strong></span> <span class='ocrx_word' id='word_1_210' title='bbox 991 3113 1083 3170; x_wconf 86' lang='lat' dir='ltr'><strong>terra</strong></span> <span class='ocrx_word' id='word_1_211' title='bbox 1103 3099 1261 3189; x_wconf 75' lang='lat' dir='ltr'><strong>cognosci</strong></span> <span class='ocrx_word' id='word_1_212' title='bbox 1284 3099 1410 3184; x_wconf 86' lang='lat' dir='ltr'><strong>possit,</strong></span> <span class='ocrx_word' id='word_1_213' title='bbox 1430 3109 1546 3168; x_wconf 80' lang='lat' dir='ltr'><strong>exacte</strong></span> <span class='ocrx_word' id='word_1_214' title='bbox 1564 3102 1757 3181; x_wconf 86' lang='lat' dir='ltr'><strong>referebat,</strong></span> <span class='ocrx_word' id='word_1_215' title='bbox 1783 3113 1825 3171; x_wconf 91' lang='lat' dir='ltr'><strong>ut</strong></span> <span class='ocrx_word' id='word_1_216' title='bbox 1844 3103 1905 3190; x_wconf 90' lang='lat' dir='ltr'><strong>qui</strong></span> <span class='ocrx_word' id='word_1_217' title='bbox 1922 3105 2037 3190; x_wconf 89' lang='lat' dir='ltr'><strong>ipsum</strong></span> <span class='ocrx_word' id='word_1_218' title='bbox 2052 3104 2177 3174; x_wconf 77' lang='lat' dir='ltr'><strong>viderit</strong></span> 
     </span>
     <span class='ocr_line' id='line_1_21' title="bbox 595 3217 2176 3312; baseline 0.003 -22"><span class='ocrx_word' id='word_1_219' title='bbox 595 3243 601 3254; x_wconf 84' lang='lat'>&#39;</span> <span class='ocrx_word' id='word_1_220' title='bbox 646 3225 782 3292; x_wconf 80' lang='lat' dir='ltr'><strong>Putrem</strong></span> <span class='ocrx_word' id='word_1_221' title='bbox 798 3221 923 3291; x_wconf 82' lang='lat' dir='ltr'><strong>vidisse</strong></span> <span class='ocrx_word' id='word_1_222' title='bbox 940 3221 1104 3288; x_wconf 84' lang='lat' dir='ltr'><strong>dicendus</strong></span> <span class='ocrx_word' id='word_1_223' title='bbox 1122 3219 1192 3302; x_wconf 76' lang='lat' dir='ltr'><strong>sit5</strong></span> <span class='ocrx_word' id='word_1_224' title='bbox 1212 3227 1317 3303; x_wconf 91' lang='lat' dir='ltr'><strong>atque</strong></span> <span class='ocrx_word' id='word_1_225' title='bbox 1335 3217 1441 3283; x_wconf 86' lang='lat' dir='ltr'><strong>simul</strong></span> <span class='ocrx_word' id='word_1_226' title='bbox 1458 3219 1646 3302; x_wconf 85' lang='lat' dir='ltr'><strong>perfectam</strong></span> <span class='ocrx_word' id='word_1_227' title='bbox 1667 3221 1823 3290; x_wconf 81' lang='lat' dir='ltr'><strong>exhibuit</strong></span> <span class='ocrx_word' id='word_1_228' title='bbox 1842 3223 1991 3290; x_wconf 88' lang='lat' dir='ltr'><strong>bominis</strong></span> <span class='ocrx_word' id='word_1_229' title='bbox 2010 3225 2176 3312; x_wconf 81' lang='lat' dir='ltr'><strong>speciem,</strong></span> 
     </span>
     <span class='ocr_line' id='line_1_22' title="bbox 653 3335 2178 3429; baseline 0.002 -21"><span class='ocrx_word' id='word_1_230' title='bbox 653 3351 689 3408; x_wconf 86' lang='lat' dir='ltr'><strong>st</strong></span> <span class='ocrx_word' id='word_1_231' title='bbox 710 3341 962 3427; x_wconf 74' lang='lat' dir='ltr'><strong>conjunctionis</strong></span> <span class='ocrx_word' id='word_1_232' title='bbox 978 3340 1089 3407; x_wconf 89' lang='lat' dir='ltr'><strong>Deum</strong></span> <span class='ocrx_word' id='word_1_233' title='bbox 1109 3337 1199 3404; x_wconf 88' lang='lat' dir='ltr'><strong>inter</strong></span> <span class='ocrx_word' id='word_1_234' title='bbox 1215 3346 1253 3403; x_wconf 89' lang='lat' dir='ltr'><strong>et</strong></span> <span class='ocrx_word' id='word_1_235' title='bbox 1268 3337 1445 3416; x_wconf 86' lang='lat' dir='ltr'><strong>hominem</strong></span> <span class='ocrx_word' id='word_1_236' title='bbox 1459 3335 1657 3406; x_wconf 80' lang='lat' dir='ltr'><strong>obsolutnm</strong></span> <span class='ocrx_word' id='word_1_237' title='bbox 1678 3341 1839 3424; x_wconf 86' lang='lat' dir='ltr'><strong>praebuit</strong></span> <span class='ocrx_word' id='word_1_238' title='bbox 1849 3343 2043 3427; x_wconf 84' lang='lat' dir='ltr'><strong>exemplar.</strong></span> <span class='ocrx_word' id='word_1_239' title='bbox 2086 3341 2178 3429; x_wconf 84' lang='lat' dir='ltr'><strong>Quid</strong></span> 
     </span>
     <span class='ocr_line' id='line_1_23' title="bbox 652 3453 2178 3547; baseline 0.006 -25"><span class='ocrx_word' id='word_1_240' title='bbox 652 3455 786 3543; x_wconf 79' lang='lat' dir='ltr'><strong>igitur?</strong></span> <span class='ocrx_word' id='word_1_241' title='bbox 809 3453 845 3522; x_wconf 91' lang='lat' dir='ltr'><strong>Si</strong></span> <span class='ocrx_word' id='word_1_242' title='bbox 869 3458 919 3524; x_wconf 87' lang='lat' dir='ltr'><strong>ita</strong></span> <span class='ocrx_word' id='word_1_243' title='bbox 939 3457 1031 3524; x_wconf 91' lang='lat' dir='ltr'><strong>Deus</strong></span> <span class='ocrx_word' id='word_1_244' title='bbox 1053 3458 1169 3524; x_wconf 84' lang='lat' dir='ltr'><strong>omnia</strong></span> <span class='ocrx_word' id='word_1_245' title='bbox 1191 3455 1291 3535; x_wconf 83' lang='lat' dir='ltr'><strong>tecit,</strong></span> <span class='ocrx_word' id='word_1_246' title='bbox 1316 3466 1359 3524; x_wconf 91' lang='lat' dir='ltr'><strong>ut</strong></span> <span class='ocrx_word' id='word_1_247' title='bbox 1389 3456 1509 3542; x_wconf 86' lang='lat' dir='ltr'><strong>Ipsum</strong></span> <span class='ocrx_word' id='word_1_248' title='bbox 1534 3479 1780 3546; x_wconf 76' lang='lat' dir='ltr'><strong>‚cognoscemus</strong></span> <span class='ocrx_word' id='word_1_249' title='bbox 1805 3462 2178 3547; x_wconf 69' lang='lat' dir='ltr'><strong>praecisamentis</strong></span> 
     </span>
     <span class='ocr_line' id='line_1_24' title="bbox 654 3575 2178 3666; baseline 0.009 -26"><span class='ocrx_word' id='word_1_250' title='bbox 654 3575 839 3663; x_wconf 83' lang='lat' dir='ltr'><strong>Theologia</strong></span> <span class='ocrx_word' id='word_1_251' title='bbox 869 3577 964 3645; x_wconf 81' lang='lat' dir='ltr'><strong>aliud</strong></span> <span class='ocrx_word' id='word_1_252' title='bbox 984 3579 1068 3664; x_wconf 90' lang='lat' dir='ltr'><strong>quid</strong></span> <span class='ocrx_word' id='word_1_253' title='bbox 1102 3596 1206 3662; x_wconf 88' lang='lat' dir='ltr'><strong>quam</strong></span> <span class='ocrx_word' id='word_1_254' title='bbox 1223 3595 1345 3642; x_wconf 80' lang='lat' dir='ltr'><strong>verum</strong></span> <span class='ocrx_word' id='word_1_255' title='bbox 1373 3577 1575 3644; x_wconf 80' lang='lat' dir='ltr'><strong>sectandum</strong></span> <span class='ocrx_word' id='word_1_256' title='bbox 1602 3599 1674 3646; x_wconf 88' lang='lat' dir='ltr'><strong>esse</strong></span> <span class='ocrx_word' id='word_1_257' title='bbox 1695 3581 1884 3666; x_wconf 72' lang='lat' dir='ltr'><strong>putemus?</strong></span> <span class='ocrx_word' id='word_1_258' title='bbox 1927 3581 2044 3651; x_wconf 83' lang='lat' dir='ltr'><strong>Nonne</strong></span> <span class='ocrx_word' id='word_1_259' title='bbox 2072 3584 2109 3650; x_wconf 88' lang='lat' dir='ltr'><strong>iu</strong></span> <span class='ocrx_word' id='word_1_260' title='bbox 2136 3603 2178 3654; x_wconf 90' lang='lat' dir='ltr'><strong>eo</strong></span> 
     </span>
     <span class='ocr_line' id='line_1_25' title="bbox 653 3690 2179 3789; baseline 0.009 -33"><span class='ocrx_word' id='word_1_261' title='bbox 653 3690 766 3756; x_wconf 88' lang='lat' dir='ltr'><strong>omnis</strong></span> <span class='ocrx_word' id='word_1_262' title='bbox 784 3691 954 3761; x_wconf 83' lang='lat' dir='ltr'><strong>industrie</strong></span> <span class='ocrx_word' id='word_1_263' title='bbox 971 3703 1141 3780; x_wconf 85' lang='lat' dir='ltr'><strong>ponatur,</strong></span> <span class='ocrx_word' id='word_1_264' title='bbox 1158 3704 1202 3762; x_wconf 92' lang='lat' dir='ltr'><strong>nt</strong></span> <span class='ocrx_word' id='word_1_265' title='bbox 1219 3695 1263 3759; x_wconf 84' lang='lat' dir='ltr'><strong>ud</strong></span> <span class='ocrx_word' id='word_1_266' title='bbox 1280 3713 1395 3760; x_wconf 77' lang='lat' dir='ltr'><strong>veram</strong></span> <span class='ocrx_word' id='word_1_267' title='bbox 1415 3696 1504 3760; x_wconf 87' lang='lat' dir='ltr'><strong>hauc</strong></span> <span class='ocrx_word' id='word_1_268' title='bbox 1517 3694 1747 3782; x_wconf 82' lang='lat' dir='ltr'><strong>cognitionem</strong></span> <span class='ocrx_word' id='word_1_269' title='bbox 1763 3699 2028 3784; x_wconf 75' lang='lat' dir='ltr'><strong>perveniamus?</strong></span> <span class='ocrx_word' id='word_1_270' title='bbox 2051 3697 2179 3789; x_wconf 78' lang='lat' dir='ltr'><strong>Quodsi</strong></span> 
     </span>
     <span class='ocr_line' id='line_1_26' title="bbox 655 3807 2180 3896; baseline 0.008 -22"><span class='ocrx_word' id='word_1_271' title='bbox 655 3807 779 3876; x_wconf 86' lang='lat' dir='ltr'><strong>Paulus</strong></span> <span class='ocrx_word' id='word_1_272' title='bbox 794 3811 930 3876; x_wconf 88' lang='lat' dir='ltr'><strong>nullam</strong></span> <span class='ocrx_word' id='word_1_273' title='bbox 952 3810 1204 3878; x_wconf 86' lang='lat' dir='ltr'><strong>excusationem</strong></span> <span class='ocrx_word' id='word_1_274' title='bbox 1229 3811 1270 3876; x_wconf 89' lang='lat' dir='ltr'><strong>iis</strong></span> <span class='ocrx_word' id='word_1_275' title='bbox 1288 3831 1359 3876; x_wconf 86' lang='lat' dir='ltr'><strong>csse</strong></span> <span class='ocrx_word' id='word_1_276' title='bbox 1378 3811 1491 3887; x_wconf 86' lang='lat' dir='ltr'><strong>diost,</strong></span> <span class='ocrx_word' id='word_1_277' title='bbox 1504 3811 1588 3896; x_wconf 87' lang='lat' dir='ltr'><strong>qui,</strong></span> <span class='ocrx_word' id='word_1_278' title='bbox 1607 3831 1688 3878; x_wconf 88' lang='lat' dir='ltr'><strong>oum</strong></span> <span class='ocrx_word' id='word_1_279' title='bbox 1709 3813 1800 3886; x_wconf 87' lang='lat' dir='ltr'><strong>Deus</strong></span> <span class='ocrx_word' id='word_1_280' title='bbox 1821 3816 1858 3882; x_wconf 91' lang='lat' dir='ltr'><strong>in</strong></span> <span class='ocrx_word' id='word_1_281' title='bbox 1874 3839 1992 3886; x_wconf 89' lang='lat' dir='ltr'><strong>rernm</strong></span> <span class='ocrx_word' id='word_1_282' title='bbox 2006 3829 2131 3888; x_wconf 83' lang='lat' dir='ltr'><strong>nutura</strong></span> <span class='ocrx_word' id='word_1_283' title='bbox 2143 3839 2180 3886; x_wconf 85' lang='lat' dir='ltr'><strong>ss</strong></span> 
     </span>
     <span class='ocr_line' id='line_1_27' title="bbox 652 3926 2181 4021; baseline 0.005 -29"><span class='ocrx_word' id='word_1_284' title='bbox 652 3927 870 4012; x_wconf 88' lang='lat' dir='ltr'><strong>patefecerit,</strong></span> <span class='ocrx_word' id='word_1_285' title='bbox 882 3929 918 3994; x_wconf 89' lang='lat' dir='ltr'><strong>id</strong></span> <span class='ocrx_word' id='word_1_286' title='bbox 930 3931 1023 4014; x_wconf 92' lang='lat' dir='ltr'><strong>quod</strong></span> <span class='ocrx_word' id='word_1_287' title='bbox 1036 3947 1160 3996; x_wconf 77' lang='lat' dir='ltr'><strong>verum</strong></span> <span class='ocrx_word' id='word_1_288' title='bbox 1177 3937 1229 3994; x_wconf 88' lang='lat' dir='ltr'><strong>est</strong></span> <span class='ocrx_word' id='word_1_289' title='bbox 1239 3926 1463 4012; x_wconf 79' lang='lat' dir='ltr'><strong>perversitate</strong></span> <span class='ocrx_word' id='word_1_290' title='bbox 1479 3945 1542 3996; x_wconf 91' lang='lat' dir='ltr'><strong>sua</strong></span> <span class='ocrx_word' id='word_1_291' title='bbox 1558 3927 1781 4016; x_wconf 79' lang='lat' dir='ltr'><strong>subegerant,</strong></span> <span class='ocrx_word' id='word_1_292' title='bbox 1794 3943 1897 4012; x_wconf 86' lang='lat' dir='ltr'><strong>etque</strong></span> <span class='ocrx_word' id='word_1_293' title='bbox 1912 3931 1983 3996; x_wconf 87' lang='lat' dir='ltr'><strong>suis</strong></span> <span class='ocrx_word' id='word_1_294' title='bbox 1999 3929 2181 4021; x_wconf 62' lang='lat' dir='ltr'><strong>indulgens</strong></span> 
     </span>
     <span class='ocr_line' id='line_1_28' title="bbox 654 4042 2179 4132; baseline 0.004 -21"><span class='ocrx_word' id='word_1_295' title='bbox 654 4055 706 4112; x_wconf 83' lang='lat' dir='ltr'><strong>tes</strong></span> <span class='ocrx_word' id='word_1_296' title='bbox 731 4042 999 4127; x_wconf 82' lang='lat' dir='ltr'><strong>cupiditatibus,</strong></span> <span class='ocrx_word' id='word_1_297' title='bbox 1028 4064 1115 4110; x_wconf 76' lang='lat' dir='ltr'><strong>vans</strong></span> <span class='ocrx_word' id='word_1_298' title='bbox 1133 4065 1195 4110; x_wconf 91' lang='lat' dir='ltr'><strong>sna</strong></span> <span class='ocrx_word' id='word_1_299' title='bbox 1212 4045 1379 4130; x_wconf 86' lang='lat' dir='ltr'><strong>sapientia</strong></span> <span class='ocrx_word' id='word_1_300' title='bbox 1399 4046 1655 4132; x_wconf 79' lang='lat' dir='ltr'><strong>superbientes,</strong></span> <span class='ocrx_word' id='word_1_301' title='bbox 1681 4053 1862 4113; x_wconf 73' lang='lat' dir='ltr'><strong>veritatem</strong></span> <span class='ocrx_word' id='word_1_302' title='bbox 1879 4045 1916 4110; x_wconf 86' lang='lat' dir='ltr'><strong>iu</strong></span> <span class='ocrx_word' id='word_1_303' title='bbox 1933 4045 2036 4116; x_wconf 86' lang='lat' dir='ltr'><strong>rebus</strong></span> <span class='ocrx_word' id='word_1_304' title='bbox 2054 4048 2179 4123; x_wconf 65' lang='lat' dir='ltr'><strong>divinis</strong></span> 
     </span>
     <span class='ocr_line' id='line_1_29' title="bbox 651 4161 2180 4261; baseline 0.011 -33"><span class='ocrx_word' id='word_1_305' title='bbox 651 4161 861 4245; x_wconf 84' lang='lat' dir='ltr'><strong>reliquerant</strong></span> <span class='ocrx_word' id='word_1_306' title='bbox 892 4169 1261 4248; x_wconf 79' lang='lat' dir='ltr'><strong>permutaveruntque3</strong></span> <span class='ocrx_word' id='word_1_307' title='bbox 1294 4166 1376 4250; x_wconf 88' lang='lat' dir='ltr'><strong>quid</strong></span> <span class='ocrx_word' id='word_1_308' title='bbox 1417 4187 1541 4252; x_wconf 78' lang='lat' dir='ltr'><strong>quaeso</strong></span> <span class='ocrx_word' id='word_1_309' title='bbox 1562 4165 1782 4254; x_wconf 71' lang='lat' dir='ltr'><strong>cogitandum</strong></span> <span class='ocrx_word' id='word_1_310' title='bbox 1804 4167 1934 4251; x_wconf 81' lang='lat' dir='ltr'><strong>putetis</strong></span> <span class='ocrx_word' id='word_1_311' title='bbox 1963 4169 2006 4238; x_wconf 89' lang='lat' dir='ltr'><strong>ds</strong></span> <span class='ocrx_word' id='word_1_312' title='bbox 2031 4191 2092 4250; x_wconf 78' lang='lat' dir='ltr'><strong>eo.</strong></span> <span class='ocrx_word' id='word_1_313' title='bbox 2119 4176 2180 4261; x_wconf 84' lang='lat' dir='ltr'><strong>qui</strong></span> 
     </span>
     <span class='ocr_line' id='line_1_30' title="bbox 654 4276 2182 4372; baseline 0.011 -28"><span class='ocrx_word' id='word_1_314' title='bbox 654 4299 735 4344; x_wconf 92' lang='lat' dir='ltr'><strong>cum</strong></span> <span class='ocrx_word' id='word_1_315' title='bbox 759 4276 871 4344; x_wconf 90' lang='lat' dir='ltr'><strong>Deum</strong></span> <span class='ocrx_word' id='word_1_316' title='bbox 894 4297 974 4345; x_wconf 81' lang='lat' dir='ltr'><strong>rere</strong></span> <span class='ocrx_word' id='word_1_317' title='bbox 1000 4295 1160 4363; x_wconf 82' lang='lat' dir='ltr'><strong>cernere,</strong></span> <span class='ocrx_word' id='word_1_318' title='bbox 1196 4302 1320 4368; x_wconf 89' lang='lat' dir='ltr'><strong>resque</strong></span> <span class='ocrx_word' id='word_1_319' title='bbox 1347 4283 1476 4352; x_wconf 82' lang='lat' dir='ltr'><strong>divium</strong></span> <span class='ocrx_word' id='word_1_320' title='bbox 1512 4283 1566 4353; x_wconf 91' lang='lat' dir='ltr'><strong>uti</strong></span> <span class='ocrx_word' id='word_1_321' title='bbox 1591 4293 1674 4354; x_wconf 89' lang='lat' dir='ltr'><strong>sunt</strong></span> <span class='ocrx_word' id='word_1_322' title='bbox 1697 4284 1892 4372; x_wconf 75' lang='lat' dir='ltr'><strong>conspicere</strong></span> <span class='ocrx_word' id='word_1_323' title='bbox 1909 4287 2018 4372; x_wconf 85' lang='lat' dir='ltr'><strong>possit</strong></span> <span class='ocrx_word' id='word_1_324' title='bbox 2043 4289 2079 4354; x_wconf 91' lang='lat' dir='ltr'><strong>iu</strong></span> <span class='ocrx_word' id='word_1_325' title='bbox 2100 4289 2182 4360; x_wconf 83' lang='lat' dir='ltr'><strong>Jesu</strong></span> 
     </span>
     <span class='ocr_line' id='line_1_31' title="bbox 654 4394 2117 4490; baseline 0.008 -26"><span class='ocrx_word' id='word_1_326' title='bbox 654 4394 813 4474; x_wconf 87' lang='lat' dir='ltr'><strong>Christo,</strong></span> <span class='ocrx_word' id='word_1_327' title='bbox 835 4395 898 4464; x_wconf 87' lang='lat' dir='ltr'><strong>Dei</strong></span> <span class='ocrx_word' id='word_1_328' title='bbox 915 4397 1009 4472; x_wconf 82' lang='lat' dir='ltr'><strong>filio,</strong></span> <span class='ocrx_word' id='word_1_329' title='bbox 1042 4396 1079 4462; x_wconf 93' lang='lat' dir='ltr'><strong>iu</strong></span> <span class='ocrx_word' id='word_1_330' title='bbox 1098 4397 1284 4486; x_wconf 79' lang='lat' dir='ltr'><strong>Theologin</strong></span> <span class='ocrx_word' id='word_1_331' title='bbox 1307 4400 1402 4470; x_wconf 82' lang='lat' dir='ltr'><strong>aliud</strong></span> <span class='ocrx_word' id='word_1_332' title='bbox 1426 4401 1616 4488; x_wconf 86' lang='lat' dir='ltr'><strong>quidquam</strong></span> <span class='ocrx_word' id='word_1_333' title='bbox 1637 4414 1788 4474; x_wconf 84' lang='lat' dir='ltr'><strong>sectetur</strong></span> <span class='ocrx_word' id='word_1_334' title='bbox 1810 4415 1947 4490; x_wconf 81' lang='lat' dir='ltr'><strong>prester</strong></span> <span class='ocrx_word' id='word_1_335' title='bbox 1969 4409 2117 4477; x_wconf 75' lang='lat' dir='ltr'><strong>rorum?</strong></span> 
     </span>
     <span class='ocr_line' id='line_1_32' title="bbox 700 4512 2181 4610; baseline 0.011 -29"><span class='ocrx_word' id='word_1_336' title='bbox 700 4512 777 4581; x_wconf 83' lang='lat' dir='ltr'><strong>Jam</strong></span> <span class='ocrx_word' id='word_1_337' title='bbox 795 4514 831 4580; x_wconf 92' lang='lat' dir='ltr'><strong>in</strong></span> <span class='ocrx_word' id='word_1_338' title='bbox 851 4535 891 4581; x_wconf 90' lang='lat' dir='ltr'><strong>eo</strong></span> <span class='ocrx_word' id='word_1_339' title='bbox 911 4535 1031 4582; x_wconf 86' lang='lat' dir='ltr'><strong>sumus</strong></span> <span class='ocrx_word' id='word_1_340' title='bbox 1050 4525 1091 4582; x_wconf 92' lang='lat' dir='ltr'><strong>ut</strong></span> <span class='ocrx_word' id='word_1_341' title='bbox 1112 4516 1155 4584; x_wconf 89' lang='lat' dir='ltr'><strong>sd</strong></span> <span class='ocrx_word' id='word_1_342' title='bbox 1177 4516 1428 4586; x_wconf 87' lang='lat' dir='ltr'><strong>sanctissimam</strong></span> <span class='ocrx_word' id='word_1_343' title='bbox 1449 4527 1604 4586; x_wconf 85' lang='lat' dir='ltr'><strong>nostram</strong></span> <span class='ocrx_word' id='word_1_344' title='bbox 1620 4521 1820 4610; x_wconf 72' lang='lat' dir='ltr'><strong>religionem</strong></span> <span class='ocrx_word' id='word_1_345' title='bbox 1840 4525 1995 4596; x_wconf 87' lang='lat' dir='ltr'><strong>animum</strong></span> <span class='ocrx_word' id='word_1_346' title='bbox 2022 4529 2181 4596; x_wconf 74' lang='lat' dir='ltr'><strong>simen-</strong></span> 
     </span>
     <span class='ocr_line' id='line_1_33' title="bbox 652 4633 2182 4734; baseline 0.008 -33"><span class='ocrx_word' id='word_1_347' title='bbox 652 4655 749 4713; x_wconf 89' lang='lat' dir='ltr'><strong>mus,</strong></span> <span class='ocrx_word' id='word_1_348' title='bbox 777 4633 821 4700; x_wconf 85' lang='lat' dir='ltr'><strong>ad</strong></span> <span class='ocrx_word' id='word_1_349' title='bbox 840 4637 939 4722; x_wconf 82' lang='lat' dir='ltr'><strong>cnjus</strong></span> <span class='ocrx_word' id='word_1_350' title='bbox 960 4633 1152 4710; x_wconf 84' lang='lat' dir='ltr'><strong>rationem,</strong></span> <span class='ocrx_word' id='word_1_351' title='bbox 1191 4633 1267 4716; x_wconf 87' lang='lat' dir='ltr'><strong>quis</strong></span> <span class='ocrx_word' id='word_1_352' title='bbox 1281 4643 1402 4721; x_wconf 73' lang='lat' dir='ltr'><strong>neget.</strong></span> <span class='ocrx_word' id='word_1_353' title='bbox 1433 4645 1543 4704; x_wconf 82' lang='lat' dir='ltr'><strong>totam</strong></span> <span class='ocrx_word' id='word_1_354' title='bbox 1566 4637 1788 4730; x_wconf 75' lang='lat' dir='ltr'><strong>Theologiam</strong></span> <span class='ocrx_word' id='word_1_355' title='bbox 1812 4665 1885 4714; x_wconf 86' lang='lat' dir='ltr'><strong>esse</strong></span> <span class='ocrx_word' id='word_1_356' title='bbox 1900 4646 2182 4734; x_wconf 81' lang='lat' dir='ltr'><strong>componendam.</strong></span> 
     </span>
     <span class='ocr_line' id='line_1_34' title="bbox 654 4735 2183 4850; baseline 0.008 -28"><span class='ocrx_word' id='word_1_357' title='bbox 654 4754 716 4822; x_wconf 88' lang='lat' dir='ltr'><strong>Est</strong></span> <span class='ocrx_word' id='word_1_358' title='bbox 734 4774 816 4822; x_wconf 82' lang='lat' dir='ltr'><strong>vero</strong></span> <span class='ocrx_word' id='word_1_359' title='bbox 833 4743 955 4842; x_wconf 85' lang='lat' dir='ltr'><strong>religio</strong></span> <span class='ocrx_word' id='word_1_360' title='bbox 980 4751 1175 4822; x_wconf 86' lang='lat' dir='ltr'><strong>Christiana</strong></span> <span class='ocrx_word' id='word_1_361' title='bbox 1203 4751 1245 4818; x_wconf 87' lang='lat' dir='ltr'><strong>ad</strong></span> <span class='ocrx_word' id='word_1_362' title='bbox 1263 4773 1388 4826; x_wconf 80' lang='lat' dir='ltr'><strong>¹verum</strong></span> <span class='ocrx_word' id='word_1_363' title='bbox 1406 4763 1481 4826; x_wconf 83' lang='lat' dir='ltr'><strong>ton</strong></span> <span class='ocrx_word' id='word_1_364' title='bbox 1503 4757 1703 4841; x_wconf 81' lang='lat' dir='ltr'><strong>composita.</strong></span> <span class='ocrx_word' id='word_1_365' title='bbox 1750 4759 1947 4850; x_wconf 74' lang='lat' dir='ltr'><strong>Ignorantes</strong></span> <span class='ocrx_word' id='word_1_366' title='bbox 1963 4735 2049 4832; x_wconf 77' lang='lat' dir='ltr'><strong>sium</strong></span> <span class='ocrx_word' id='word_1_367' title='bbox 2067 4775 2183 4842; x_wconf 83' lang='lat' dir='ltr'><strong>essent</strong></span> 
     </span>
     <span class='ocr_line' id='line_1_35' title="bbox 654 4869 2182 4970; baseline 0.008 -30"><span class='ocrx_word' id='word_1_368' title='bbox 654 4873 810 4943; x_wconf 84' lang='lat' dir='ltr'><strong>homiues</strong></span> <span class='ocrx_word' id='word_1_369' title='bbox 850 4882 886 4948; x_wconf 85' lang='lat' dir='ltr'><strong>et</strong></span> <span class='ocrx_word' id='word_1_370' title='bbox 918 4893 1006 4944; x_wconf 79' lang='lat' dir='ltr'><strong>rsus</strong></span> <span class='ocrx_word' id='word_1_371' title='bbox 1044 4877 1232 4949; x_wconf 83' lang='lat' dir='ltr'><strong>sectantes,</strong></span> <span class='ocrx_word' id='word_1_372' title='bbox 1268 4869 1379 4957; x_wconf 79' lang='lat' dir='ltr'><strong>Deus,</strong></span> <span class='ocrx_word' id='word_1_373' title='bbox 1419 4875 1668 4970; x_wconf 83' lang='lat' dir='ltr'><strong>praetermissis</strong></span> <span class='ocrx_word' id='word_1_374' title='bbox 1708 4876 1920 4964; x_wconf 76' lang='lat' dir='ltr'><strong>ignorantias</strong></span> <span class='ocrx_word' id='word_1_375' title='bbox 1952 4881 2182 4969; x_wconf 82' lang='lat' dir='ltr'><strong>temporibus,</strong></span> 
     </span>
    </p>
   </div>
   <div class='ocr_carea' id='block_1_3' title="bbox 0 0 2497 6244">
    <p class='ocr_par' dir='ltr' id='par_1_3' title="bbox 0 0 2497 6244">
     <span class='ocr_line' id='line_1_36' title="bbox 0 0 2497 6244; baseline 0 0"><span class='ocrx_word' id='word_1_376' title='bbox 0 0 2497 6244; x_wconf 95' lang='lat' dir='ltr'><strong> </strong></span> 
     </span>
    </p>
   </div>
  </div>
 </body>
</html>
