4918 6254
612 787 616 793 “
678 801 721 868 73
943 781 1123 853 tosltle
1156 781 1371 852 mauratel
1406 781 1495 854 VAN
1529 783 1690 861 ooltur.
1721 787 1751 854 J.
1785 787 1824 857 G.
1855 785 1932 856 tlt..

676 1017 757 1068 reru
780 994 950 1058 intactum
973 985 1009 1052 id
1030 1006 1171 1070 prorsus
1190 990 1447 1076 relinquamus,
1470 992 1553 1058 haec
1574 991 1734 1058 habetote
1749 989 1861 1056 obiter
1877 989 2034 1058 indicata.
2081 995 2202 1083 ltaque

677 1111 767 1200 quod
792 1111 835 1176 ad
864 1129 902 1174 ss
926 1125 1071 1189 suasque
1096 1107 1250 1175 notiones
1276 1109 1424 1185 attinet,
1453 1112 1517 1175 hoc
1546 1110 1694 1176 maxime
1722 1117 1855 1184 teneat,
1879 1109 1989 1193 ipsam
2006 1113 2076 1176 veri
2094 1115 2202 1182 scien.

676 1231 760 1297 tiam
782 1249 859 1294 esee
884 1223 1080 1297 infinitam.
1110 1227 1454 1315 appropinquandum
1485 1229 1568 1294 adeo
1597 1229 1682 1294 illuc
1712 1249 1784 1294 esse
1811 1245 1965 1310 semper,
1989 1232 2083 1312 quod
2101 1236 2201 1314 plene

674 1347 806 1434 assequi
828 1343 1033 1411 mortalibus
1057 1365 1127 1410 non
1153 1346 1256 1426 licet;
1281 1367 1344 1412 nec
1362 1347 1560 1415 absolutum
1577 1347 1682 1434 igitur
1697 1350 1861 1414 hactenus
1883 1325 2034 1430 systema
2053 1351 2199 1429 habeat,

676 1469 730 1536 cui
759 1467 809 1532 nil
840 1465 993 1546 detrahi,
1022 1463 1072 1528 nil
1100 1462 1178 1528 addi
1208 1463 1313 1539 velit,
1344 1467 1477 1549 quodve
1505 1465 1763 1532 immutationes
1792 1486 1861 1531 non
1890 1466 2061 1550 patiatur;
2087 1473 2201 1536 necin

674 1585 899 1674 inquirendo,
923 1601 1114 1667 rerumque
1129 1583 1220 1665 quod
1240 1583 1461 1668 repererit-in
1485 1604 1567 1648 usus
1587 1585 1834 1661 convertendo,
1856 1581 2021 1650 subsistat
2036 1609 2201 1672 unquam.

676 1706 834 1774 Aliorum
864 1701 1051 1770 sententias
1075 1690 1182 1784 aequb
1209 1701 1323 1764 animo
1342 1701 1524 1786 respiciat,
1549 1704 1638 1767 nulli
1664 1725 1700 1768 se
1724 1702 1917 1786 mancipet,
1939 1703 2071 1767 nullam
2092 1691 2201 1790 negli-

678 1840 748 1918 gat.
792 1823 861 1893 Neo
888 1833 1103 1891 vastatorum
1131 1838 1226 1882 more
1255 1822 1320 1882 hoc
1346 1837 1524 1883 summum
1553 1820 1695 1897 haheat,
1720 1821 1854 1897 omnia,
1880 1839 1966 1906 quae
1989 1822 2102 1887 miuus
2125 1847 2201 1889 vcra

677 1949 713 2012 in
741 1943 881 2011 ecclesia
906 1938 1102 2006 Christiana
1123 1945 1376 2021 agnoscuntur,
1409 1933 1568 2000 demoliri
1595 1945 1697 2018 atque
1723 1937 1942 2015 subvertere,
1966 1959 2034 2023 quo
2051 1961 2114 2023 pro
2133 1943 2202 2004 iru-

676 2060 839 2144 perleotis
861 2056 1003 2122 aedibus
1023 2054 1137 2118 nullas
1157 2053 1306 2117 habeant
1325 2049 1521 2118 Christiani.
1568 2049 1683 2116 Potius
1706 2063 1875 2133 qnantum
1896 2057 2047 2136 poterit,
2072 2057 2202 2122 adhibi-

680 2182 723 2246 tis
755 2180 819 2261 iis,
848 2195 936 2263 quae
956 2174 1103 2240 adsunt,
1122 2161 1288 2256 purgare,
1321 2171 1524 2244 emendare,
1544 2169 1675 2235 veriora
1695 2168 1870 2252 detegere,
1891 2177 1996 2251 atque
2009 2171 2057 2234 sic
2074 2157 2201 2238 instau-

679 2319 755 2366 rare
784 2297 921 2363 studeat
952 2302 987 2360 et
1012 2289 1188 2376 perficere.
1234 2285 1318 2353 Sane
1349 2287 1410 2372 qui
1440 2307 1559 2352 rerum
1590 2287 1690 2352 unice
1723 2293 1874 2352 sectatur
1903 2286 2085 2368 pleraque,
2115 2310 2199 2372 quac
2318 2291 2324 2308 '

679 2429 741 2485 aut
762 2427 882 2489 antea,
912 2422 973 2479 aut
993 2407 1163 2476 recentius
1188 2405 1224 2469 in
1243 2405 1385 2472 ecclesia
1404 2405 1587 2488 exstitere,
1608 2407 1643 2469 in
1663 2425 1745 2470 usus
1758 2423 1840 2469 suos
1859 2413 2077 2481 convertere,
2100 2417 2200 2490 etque

679 2558 703 2616 e¹
726 2535 890 2609 diversis,
919 2532 990 2598 imo
1018 2531 1119 2614 plane
1143 2524 1208 2591 sibi
1228 2525 1375 2590 invicem
1394 2525 1560 2609 oppositis
1580 2543 1697 2608 sapere
1720 2532 1844 2606 potest.
1894 2519 2030 2607 Saepius
2052 2525 2142 2588 enim
2166 2527 2200 2589 in

678 2673 718 2720 eo
743 2653 923 2718 hominum
949 2667 1080 2716 errores
1109 2654 1211 2720 sunt,
1240 2661 1308 2707 nou
1329 2643 1421 2726 quod
1438 2663 1557 2708 rerum
1582 2642 1757 2729 rejiciant,
1781 2643 1976 2728 falsumque
1997 2653 2200 2725 sequantur,

677 2773 737 2838 ssd
762 2771 856 2856 quod
879 2781 982 2834 unam
1007 2773 1145 2831 tautum
1176 2763 1246 2828 reri
1274 2769 1407 2846 partem
1435 2761 1677 2845 respicientes,
1708 2763 1814 2839 hanc,
1850 2762 2010 2848 neglectis
2040 2764 2200 2834 caeteris,

676 2901 839 2975 urgeant3
867 2889 948 2952 hinc
974 2903 1042 2951 nou
1066 2899 1128 2968 per
1152 2880 1299 2947 mediam
1316 2900 1450 2964 semper
1470 2880 1583 2953 tiam,
1606 2890 1647 2947 ut
1673 2881 1778 2947 multi
1792 2878 2023 2965 praecipiunt,
2046 2877 2203 2943 inceden-

678 3011 762 3076 dum
792 3017 861 3085 est;
887 3009 971 3072 haec
998 3003 1111 3077 enim,
1142 3018 1246 3085 quam
1276 2999 1486 3064 tutissimam
1510 2997 1650 3075 dicunt,
1680 2999 1772 3063 haud
1802 3017 1880 3062 raro
1909 3006 1961 3062 cst
1983 3016 2003 3059 a
2028 3015 2107 3061 reru
2134 3016 2201 3059 nou

677 3128 793 3191 minus
810 3141 914 3209 quam
933 3145 953 3188 a
971 3119 1140 3210 sapientia
1160 3117 1293 3205 longius
1311 3127 1463 3195 remota;
1486 3119 1545 3183 sed
1562 3115 1705 3204 singulis
1724 3117 1790 3183 sibi
1810 3117 1979 3192 invicem,
1996 3125 2037 3181 ut
2049 3115 2201 3189 videtur,

677 3242 842 3329 oppositis
866 3263 928 3312 sua
950 3247 1031 3330 jura
1061 3247 1143 3306 sunt
1173 3237 1365 3304 tribuenda.
1412 3231 1502 3301 Cum
1524 3235 1669 3321 denique
1686 3213 1859 3324 Theologo
1881 3259 1979 3321 saepe
1997 3239 2200 3302 versandum

678 3361 725 3427 sit
745 3361 836 3426 inter
852 3359 1006 3426 homines
1023 3354 1195 3426 erroribus
1216 3363 1251 3420 et
1265 3353 1480 3441 praejudiciis
1496 3365 1693 3440 correptos,
1716 3355 1751 3420 in
1770 3355 1840 3421 veri
1863 3352 2070 3442 propagandi
2088 3353 2201 3418 studio

679 3499 836 3563 summo,
865 3479 957 3564 quod
984 3478 1025 3542 ah
1057 3497 1111 3550 eo,
1143 3471 1203 3557 qui
1231 3473 1330 3540 unice
1358 3493 1478 3540 rerum
1508 3482 1679 3550 sectatur,
1708 3473 1823 3540 abesae
1844 3493 1910 3539 non
1928 3444 2058 3558 potest,
2079 3489 2201 3555 magua

679 3595 868 3662 adhibenda
895 3592 951 3661 ‘est
975 3594 1179 3678 prudentia,
1211 3615 1253 3659 ne
1276 3615 1379 3679 scopo
1403 3613 1465 3659 suu
1491 3596 1622 3662 excidat
1650 3617 1803 3679 prorsus.
1850 3595 1917 3682 Qui
1938 3597 2026 3662 euim
2048 3593 2201 3657 homiues

680 3718 831 3782 tenebris
862 3719 1068 3785 assuefactos
1095 3705 1131 3780 in
1156 3715 1296 3800 plenam
1326 3719 1474 3794 collocet
1505 3719 1642 3795 lucem,
1673 3715 1853 3784 obcaecare
1885 3721 1946 3783 hos
1976 3725 2111 3800 potest,
2135 3733 2201 3775 non

679 3855 760 3903 vero
782 3835 976 3913 illustrare;
1002 3836 1267 3920 necquicquam
1288 3837 1325 3901 hi
1344 3839 1452 3924 magis
1469 3837 1534 3904 sibi
1558 3842 1786 3924 expetendum
1806 3851 1888 3906 sunt
1906 3837 2082 3913 habituri,
2098 3856 2200 3920 quam

679 3967 720 4019 ut
744 3957 780 4017 in
802 3957 959 4020 tenebras
988 3957 1138 4021 redeant.
1184 3954 1344 4038 Ipsorum
1371 3955 1480 4042 igitur
1504 3959 1693 4045 ingeniose
1720 3959 1972 4030 accommodet,
1996 3965 2202 4037 tantumque

679 4069 768 4132 lucis
785 4068 825 4132 iis
841 4069 1011 4144 affundat,
1034 4079 1203 4151 qnantum
1224 4074 1314 4136 ferre
1331 4073 1475 4155 possint.
1511 4073 1587 4151 Sic,
1609 4077 1680 4141 sole
1697 4073 1822 4139 sensim
1843 4071 2037 4156 sensimque
2053 4072 2200 4149 oriente,

682 4187 911 4269 dispellentur
940 4185 1120 4264 tenebrae,
1154 4176 1295 4253 &tuero
1318 4189 1452 4276 agnito,
1474 4214 1536 4258 sua
1554 4202 1675 4279 sponte
1697 4212 1827 4258 errores
1846 4200 1881 4257 et
1899 4191 2106 4277 praejudicia
2123 4211 2204 4255 eua-

681 4312 833 4366 nescunt.
864 4300 1068 4368 Primarium
1085 4322 1166 4370 vero
1186 4303 1223 4368 iu
1238 4315 1313 4372 toto
1330 4307 1395 4372 hoc
1408 4285 1546 4396 negotio
1559 4311 1593 4376 id
1611 4321 1682 4388 cst,
1698 4309 1879 4375 hominum
1900 4309 2034 4396 ingenia
2049 4311 2201 4374 excolere

682 4421 879 4504 animosque
917 4422 1117 4498 emendare,
1156 4440 1224 4504 quo
1258 4425 1324 4507 ipsi
1353 4446 1473 4493 verum
1502 4449 1640 4497 cernere
1670 4411 1811 4515 possint·
1830 4431 2058 4514 amplectique
2084 4428 2202 4519 velint.

681 4535 804 4623 Magna
830 4537 936 4623 igitur
965 4559 1070 4623 opera
1097 4539 1207 4605 danda
1234 4552 1286 4609 cst
1304 4544 1407 4610 rebus
1424 4566 1502 4613 rere
1524 4549 1770 4634 proponendis,
1786 4551 1843 4616 sed
1864 4554 1974 4638 major
1990 4552 2113 4622 etiam,
2134 4548 2204 4608 imo

682 4653 832 4720 maxima
859 4663 1006 4736 ponatur
1034 4655 1070 4718 iu
1095 4656 1292 4726 hominibus
1321 4661 1560 4743 instituendis,
1591 4667 1717 4734 mentis
1748 4647 1848 4735 oculo
1876 4671 2045 4745 acuendo,
2073 4664 2204 4730 animos

681 4773 725 4838 ad
762 4791 881 4840 rerum
914 4773 1152 4841 mnrertendo.
1208 4773 1263 4844 Sic
1291 4780 1512 4866 praeiverunt
1537 4783 1694 4869 Apostoli
1718 4783 1890 4873 multique
1917 4789 1974 4852 alii
2004 4785 2039 4848 in
2065 4780 2207 4850 ecclesia

682 4888 812 4960 cursu
840 4892 954 4980 aqu
985 4891 1071 4960 virt.
1118 4889 1183 4962 seu
1207 4914 1410 4985 ¹*unaarum
1436 4903 1564 4974 neman
1593 4875 1863 4990 coepturum.
1881 4901 2041 4976 omnus.
2060 4901 2205 4967 imitan-
