4956 6246
668 767 711 833 to
975 754 1872 828 Glnltottlstttltvunnttr

664 966 852 1034 maximam
886 959 952 1028 sibi
989 961 1140 1031 adsumit
1177 974 1331 1050 partem,
1371 961 1640 1050 quotiescunque
1671 962 1984 1033 diversissimorum
2010 985 2196 1053 corporum

663 1081 803 1149 babitus
831 1087 867 1146 et
898 1089 1040 1156 natura,
1069 1102 1131 1167 per
1164 1083 1314 1151 actiones
1344 1083 1393 1150 ita
1423 1082 1530 1148 dictas
1557 1083 1752 1168 chymicas‚
1780 1092 1862 1149 sunt
1881 1082 2114 1161 immutanda,
2133 1096 2196 1151 aut

667 1221 748 1267 cum
772 1220 862 1268 nova
881 1218 1024 1285 prorsus
1047 1219 1191 1286 corpora
1215 1211 1298 1268 sunt
1321 1201 1542 1287 procreanda.

709 1301 962 1403 Saepenumero
989 1317 1215 1388 consideranti
1252 1320 1357 1400 mibi,
1395 1330 1480 1406 qnot
1507 1331 1702 1406 quantaque
1732 1322 1859 1388 auxilia
1884 1322 1933 1388 ita
1963 1319 2195 1406 praebuerunt

666 1434 864 1520 disciplinae
889 1435 1152 1505 mathematicae
1182 1459 1221 1505 ac
1242 1439 1425 1524 physicae,
1452 1447 1689 1526 quantumque
1710 1441 1875 1510 debemus
1897 1443 1938 1508 iis
1962 1441 2045 1511 viris
2064 1443 2191 1521 doctis,

666 1573 849 1641 equorum
879 1553 1021 1643 egregiis
1041 1556 1379 1643 investigationibus,
1411 1557 1664 1643 praeclarisque
1688 1559 1855 1646 inventis,
1883 1571 1956 1628 tam
1979 1561 2094 1626 multa
2108 1558 2196 1626 bona

666 1677 703 1742 in
719 1695 941 1743 communem
958 1676 1147 1744 utilitatem
1163 1678 1421 1759 redundarunt,
1440 1711 1484 1727 -
1499 1676 1630 1742 mbum
1647 1699 1719 1744 esse
1734 1677 1931 1762 videbatur,
1942 1685 2191 1744 curtantorum

665 1795 1037 1880 praestantissimorum
1061 1817 1101 1862 ae
1126 1796 1273 1867 summis
1298 1795 1441 1884 ingeniis
1461 1795 1696 1881 praeditorum
1721 1796 1876 1865 virorum
1903 1819 2045 1885 magnae
2073 1798 2189 1864 laudes

665 1913 730 1978 bac
743 1913 779 1978 in
798 1923 896 1998 parte
913 1914 970 1981 vix
987 1913 1198 1999 praedicatae
1214 1915 1348 1992 ,immo
1368 1915 1440 1980 sere
1463 1916 1639 2001 neglectae
1655 1927 1778 1982 essent.

710 2028 828 2118 Quum
860 2030 987 2116 igitur,
1025 2030 1069 2095 ad
1108 2032 1355 2116 auspicandum
1394 2052 1522 2098 munus
1553 2034 1801 2120 honorificum,
1831 2033 2075 2122 Angustissimi
2100 2053 2193 2098 naurs

666 2150 903 2218 munificentia
928 2151 1014 2228 mibi
1039 2151 1213 2227 delatum,
1243 2149 1346 2216 verba
1367 2148 1518 2214 faciundi
1537 2152 1737 2229 necessitas,
1758 2157 1929 2239 maJorum
1948 2173 2044 2219 more
2061 2162 2097 2217 et
2112 2172 2192 2217 vero

666 2272 756 2356 lege,
790 2279 879 2338 esset
912 2271 1094 2356 imposita,
1129 2270 1329 2358 magnisque
1364 2267 1403 2334 ei
1441 2268 1483 2334 de
1518 2289 1555 2334 re
1586 2269 1848 2335 difficultatibus
1877 2291 2067 2354 premerer,
2099 2271 2193 2354 qsrod

667 2387 808 2466 verebar
831 2408 875 2456 ne
896 2397 1141 2476 argumentum
1168 2390 1292 2475 eligere
1313 2409 1382 2455 non
1401 2407 1557 2472 possem,
1584 2395 1662 2454 tum
1681 2410 1701 2453 a
1718 2386 1914 2454 studiorum
1936 2385 2089 2460 ratione,
2115 2396 2191 2452 tum

665 2529 687 2571 a
704 2529 846 2574 munere
871 2509 1028 2578 obeundo
1053 2507 1146 2574 baud
1167 2507 1319 2574 alienum
1331 2550 1343 2585 ,
1364 2539 1405 2554 -·
1432 2506 1563 2571 solenni
1585 2504 1732 2571 orationi
1751 2503 1835 2570 satis
1854 2502 2036 2578 idoneum,
2062 2537 2107 2550 -
2130 2524 2192 2566 nec

667 2634 739 2692 tam
756 2629 918 2714 jejunum
937 2639 998 2695 aut
1021 2629 1126 2695 etiam
1147 2627 1363 2701 obsoletum,
1386 2632 1427 2688 ut
1448 2622 1662 2696 auditoribus
1681 2620 1949 2708 exoptatissimis
1968 2623 2058 2686 foret
2080 2619 2191 2705 ingra-

664 2743 858 2824 tissimum,
881 2782 919 2794 -
947 2745 1087 2810 tandem
1108 2743 1425 2828 monerequaedam
1445 2741 1631 2818 constitui,
1652 2742 1694 2810 de
1714 2740 2041 2821 Mathematicorurn
2064 2737 2192 2806 liecen-

666 2865 815 2945 tiorum,
839 2865 899 2948 qui
917 2865 1060 2931 saeculis
1079 2862 1377 2947 decimoseptimo
1395 2871 1431 2928 et
1451 2869 1571 2928 octavo
1597 2857 1724 2949 (aurae
1741 2857 1811 2924 illc
1827 2856 2018 2924 Matisaeacs
2035 2853 2190 2942 mistel)

665 2979 879 3056 floruerunt,
909 2980 1227 3067 investigationibus
1257 2991 1293 3047 et
1321 2980 1487 3057 inventis,
1515 2999 1619 3063 (luae,
1649 2987 1768 3046 nostro
1795 2976 1999 3064 praesertim
2022 2987 2192 3062 tempore,

665 3100 708 3164 ad
728 3099 915 3166 industriae
936 3111 1027 3168 artes
1045 3100 1301 3185 amplificandas
1320 3110 1355 3167 et
1372 3099 1611 3185 perficiendas,
1625 3108 1721 3166 tanta
1730 3069 1964 3184 praebuerunt
1975 3096 2189 3182 adjumenta,
2262 3119 2271 3133 ·

666 3219 900 3307 praesidiaque
921 3232 994 3303 tam
1018 3221 1140 3294 valida.

711 3337 839 3408 Revera
865 3340 907 3408 A.
930 3341 972 3410 A.
1000 3340 1035 3411 S.
1066 3339 1123 3408 S.l
1157 3343 1236 3409 illae
1264 3353 1355 3412 artes
1386 3354 1458 3411 tam
1489 3345 1620 3431 insigne
1654 3345 1908 3413 incrementum
1936 3357 2114 3424 nunquam
2137 3357 2190 3404 ce-

667 3457 812 3541 pissent,
833 3458 900 3523 nisi
921 3459 965 3524 ad
983 3481 1038 3538 ea,
1060 3483 1146 3547 quae
1167 3464 1489 3531 matbematicorum
1507 3465 1627 3530 sedulo
1657 3465 1771 3531 studio
1787 3474 1823 3530 et
1846 3461 2028 3550 sagacitate
2043 3458 2190 3524 circum·

665 3577 820 3663 scripta,
849 3579 1077 3654 determinata
1106 3593 1141 3650 at
1166 3584 1301 3650 detecta
1333 3593 1434 3660 sunt,
1463 3583 1663 3666 accedisset,
1689 3585 1783 3669 quod
1800 3583 2024 3668 physicorum
2044 3586 2080 3644 et
2105 3578 2192 3659 eby-

667 3695 838 3765 micorum
867 3701 970 3786 hujus
995 3703 1115 3770 aetatis
1145 3705 1414 3790 diligentissimis
1442 3702 1761 3779 observationibus,
1787 3710 1864 3767 tum
1891 3698 1996 3766 etiam
2020 3693 2192 3762 exactissi-

666 3813 733 3880 mis
760 3824 796 3882 et
824 3817 1103 3904 ingeniosissimis
1134 3821 1392 3904 experimentis,
1419 3821 1558 3886 summi
1585 3819 1667 3886 curti
1694 3841 1733 3886 ao
1757 3818 1924 3884 indefesso
1952 3813 2091 3884 labore,
2115 3829 2193 3892 pro·

666 3937 778 3998 latum
811 3949 863 3999 est
893 3949 996 4016 atque
1025 3941 1216 4006 inventum.
1239 3939 1300 4006 Sin
1332 3952 1448 4006 autem
1476 3943 1519 4003 ad
1547 3943 1611 4002 hoc
1633 3942 1774 4016 insuper
1794 3935 1968 3996 attendere
1991 3926 2131 4007 liceret,
2147 3962 2194 3974 —-

666 4050 696 4116 si
730 4049 860 4114 viribus
895 4052 980 4114 meis
1014 4054 1107 4116 baud
1140 4055 1251 4135 impar
1284 4058 1394 4128 soret,
1437 4057 1562 4116 horum
1598 4046 1971 4131 praestantissimorum
2009 4043 2192 4112 doctorum

665 4171 800 4251 laudes,
822 4171 886 4234 hac
908 4170 945 4234 in
967 4187 1004 4236 re
1028 4168 1286 4238 meritissimae,
1305 4169 1475 4234 celebrare
1501 4177 1561 4231 aut
1585 4168 1721 4243 efferre,
1746 4202 1791 4214 -
1827 4175 1942 4232 tamen
1962 4181 2119 4244 vererer,
2146 4188 2190 4234 ne

666 4302 808 4376 propter
833 4311 951 4356 rerum
980 4288 1260 4374 explicandarum
1288 4285 1441 4373 copiam,
1473 4286 1605 4355 dicendi
1626 4285 1780 4370 spatium
1804 4283 1993 4370 egrederer,
2016 4318 2062 4332 -
2083 4301 2190 4366 eoque

666 4410 796 4495 magis,
826 4415 905 4480 curn
935 4409 1056 4484 etiam,
1087 4406 1171 4490 quid
1202 4408 1361 4490 proprie,
1391 4407 1426 4472 in
1441 4407 1569 4472 artium
1598 4424 1699 4470 usum
1721 4412 1756 4470 et
1776 4399 2069 4476 emendationem,
2085 4420 2106 4464 a
2125 4396 2191 4466 lte-

667 4525 874 4593 centioribus
900 4525 1151 4592 Mathematicis
1186 4525 1393 4608 praestitum
1424 4526 1491 4601 sit,
1521 4544 1589 4590 non
1613 4521 1813 4608 speciatim,
1837 4520 1897 4587 sed
1915 4520 1952 4585 in
1974 4539 2094 4608 genere
2111 4527 2191 4586 tan-

666 4646 864 4725 tummodo,
887 4646 1073 4731 explicare,
1094 4652 1154 4712 aut
1171 4642 1288 4726 potius
1306 4642 1456 4710 breuiter
1477 4642 1703 4719 adumbrare,
1725 4640 1865 4726 possim.

712 4761 825 4848 Atque
860 4762 919 4830 lric
954 4763 1113 4846 quidem,
1145 4763 1263 4844 quales
1292 4771 1505 4846 quantasque
1534 4771 1648 4846 partes
1672 4781 1763 4827 nune
1790 4767 2014 4843 suscepturus
2040 4753 2128 4826 sim,
2159 4755 2188 4820 si

666 4885 792 4954 iterum
823 4886 1016 4964 considor03
1043 4921 1087 4934 —
1121 4893 1198 4952 turn
1224 4882 1327 4948 etiam
1362 4883 1392 4948 si
1418 4883 1593 4966 perpendo
1620 4878 1916 4963 mediocritatem,
1946 4878 2055 4944 immo
2074 4876 2190 4945 tenui-
