4956 6246
935 713 1227 792 osculo.
1790 734 1831 798 21

306 931 420 984 amore
444 920 621 998 tantopere
638 917 800 984 conlundi
826 932 930 1008 atque
952 927 1143 1005 confluere,
1172 935 1214 992 ut
1232 943 1302 1011 quo
1320 925 1494 993 ardentius
1517 934 1673 993 nostram
1694 933 1826 1020 diliga-

306 1049 403 1105 mus,
427 1050 467 1095 eo
487 1030 524 1095 in
544 1033 628 1098 alias
649 1037 808 1107 scientias
834 1065 896 1112 nos
917 1047 1020 1113 iaciat
1046 1045 1248 1132 iniquiores?

349 1146 486 1216 Scilicet
504 1151 769 1236 simulacrorum
789 1171 825 1228 et
845 1163 1056 1232 histrionum
1078 1169 1178 1251 plena
1194 1164 1378 1231 hominum
1393 1162 1465 1230 vita
1485 1172 1557 1240 est,
1580 1173 1622 1230 ut
1644 1165 1827 1234 crederetis

304 1265 459 1334 tabulam
474 1270 525 1356 a'gi
539 1280 573 1338 et
591 1275 747 1344 fraudem
771 1281 847 1350 fieri
865 1285 1085 1354 mortalibus.
1130 1285 1216 1353 Nam
1236 1306 1323 1370 quae
1346 1285 1451 1369 vulgo
1471 1285 1633 1350 feruntur
1651 1286 1830 1362 scientiae,

304 1402 374 1448 nou
400 1395 501 1461 sunt,
532 1390 592 1454 sed
629 1391 812 1464 simulacre
849 1401 1090 1468 scientiarum:
1120 1404 1181 1489 qui
1208 1402 1429 1469 scientiarum
1459 1399 1623 1470 dicuntur
1661 1406 1833 1482 cultores,

304 1521 547 1586 saepenumero
564 1507 748 1580 histriones
773 1528 875 1596 sunt,
907 1523 1122 1588 eruditorum
1150 1543 1294 1608 persona
1316 1519 1440 1587 induti.
1485 1519 1581 1607 Quae
1601 1532 1765 1607 reputans
1798 1524 1859 1588 in'

304 1623 505 1688 memoriam
524 1627 626 1694 redeo
643 1636 837 1716 praeclarae
850 1639 942 1706 vocis
967 1639 1181 1708 Verulamiie
1212 1640 1259 1708 ad
1278 1662 1424 1730 regnum
1435 1641 1661 1706 scientiarum
1677 1641 1832 1728 pariter,

305 1725 407 1826 atque
430 1739 478 1808 cd
518 1728 666 1836 regnum
698 1753 865 1822 coelorum
893 1761 1027 1824 nemini
1051 1760 1188 1828 aditum
1223 1771 1363 1849 potere,
1389 1758 1463 1825 arici
1488 1757 1626 1846 infanti
1638 1807 1647 1844 ,
1681 1760 1704 1827 i.
1730 1781 1759 1825 e.
1782 1759 1834 1832 ei,

304 1858 366 1943 qui
387 1863 505 1929 eodem
526 1867 594 1946 sit,
621 1890 689 1953 quo
709 1872 842 1956 infans,
872 1876 978 1942 animi
1000 1878 1141 1945 babitu:
1167 1880 1330 1952 candido,
1359 1877 1531 1960 simplici,
1554 1902 1642 1962 puro
1667 1889 1702 1946 et
1721 1879 1830 1948 libero

304 1974 462 2062 inprimis
492 1984 534 2048 ab
566 1989 785 2073 opinionibus
822 1994 1081 2080 praejudicatis3
1126 1994 1237 2076 qualis
1268 1994 1305 2053 in
1337 1993 1469 2071 optimo
1514 2015 1651 2076 quoque
1684 1996 1834 2064 maxime

303 2097 466 2166 cernitur.
511 2101 565 2168 Ab
578 2106 644 2171 boe
657 2109 750 2170 enim
771 2107 848 2190 quis
867 2109 1008 2187 propius
1026 2107 1158 2182 aberat,
1174 2126 1279 2192 quam
1294 2106 1356 2170 ille
1378 2103 1610 2188 simplicitatis
1622 2118 1658 2174 et
1678 2114 1833 2179 veritatis

304 2215 420 2279 cultor
442 2216 683 2301 integerrimus
711 2219 957 2295 Boerhaauius,
988 2221 1065 2304 qui,
1094 2223 1385 2305 quemadmodum
1411 2220 1483 2307 ipse
1503 2226 1633 2304 refert,
1664 2227 1832 2299 invitatus

303 2333 394 2394 band
412 2334 519 2395 semel
540 2333 650 2399 aviro
672 2332 855 2418 primariae
880 2336 1076 2423 dignitatis,
1098 2341 1158 2426 qui
1177 2343 1287 2430 gratia
1303 2341 1447 2409 florebat
1462 2341 1562 2429 Regis
1576 2343 1743 2412 Gulielmi
1762 2349 1833 2426 ΙΙΙ,

302 2457 342 2514 ut
360 2445 490 2534 Hagam
522 2446 701 2518 Comitum
732 2453 847 2518 sedem
866 2465 1001 2542 caperet
1022 2460 1240 2526 fortunarum
1263 2481 1430 2544 sumum,
1450 2462 1633 2534 declinavit
1654 2479 1831 2551 constans,

301 2553 483 2648 contentus
504 2569 664 2638 videlicet
683 2572 755 2640 rita
777 2574 907 2654 libera,
931 2589 1064 2648 remota
1087 2602 1106 2647 a
1129 2580 1260 2661 turbis;
1286 2580 1480 2666 studiisque
1498 2605 1603 2668 porro
1618 2591 1832 2685 percolendis

300 2683 400 2750 unice
428 2684 605 2771 impensa,
630 2691 691 2756 ubi
720 2712 788 2759 non
820 2707 1017 2782 cogeretur,
1048 2699 1115 2766 alia
1136 2701 1248 2768 dicere
1273 2710 1312 2767 et
1339 2699 1523 2779 simulare,
1545 2704 1612 2772 alia
1639 2709 1768 2774 sentire
1795 2717 1832 2776 et

300 2801 533 2870 dissimulare:
559 2807 745 2878 affectuum
775 2814 899 2880 studiis
921 2818 1017 2904 regi,
1042 2819 1164 2906 rapi.»

345 2915 479 3004 Suppar
505 2921 701 2993 Ruhnkenii
730 2939 782 2996 est
820 2932 862 2998 de
891 2933 967 3002 Tib.
999 2935 1259 3004 Hemsterbusio
1292 2936 1553 3004 testimonium:
1605 2959 1624 3002 <r
1655 2939 1766 3006 famae
1794 2953 1831 3008 et

300 3055 441 3122 magnae
458 3040 499 3105 de
516 3063 552 3108 se
568 3043 735 3128 opinionis
756 3069 862 3134 prope
879 3052 1051 3141 negligens
1072 3065 1168 3134 erat,
1192 3057 1335 3123 minime
1355 3053 1513 3122 omnium
1532 3075 1653 3122 curans
1668 3058 1831 3142 plausum

283 3154 418 3240 uulgi,
458 3157 513 3223 cui
540 3173 721 3246 propterea
753 3187 859 3250 paene
891 3171 1027 3258 ignotus
1061 3175 1158 3241 vixit.
1214 3173 1260 3242 Aa
1302 3195 1370 3260 quo
1409 3174 1523 3240 minus
1559 3175 1705 3261 gloriam
1733 3198 1833 3245 vena·

300 3270 422 3349 batur,
455 3295 494 3342 eo
512 3279 620 3366 magis
643 3284 685 3348 ad
709 3306 788 3352 eum
807 3298 930 3372 sponte
948 3285 1118 3361 ueniebat.
1162 3292 1247 3380 Quis
1263 3295 1356 3362 enim
1375 3292 1502 3371 nescit,
1532 3315 1649 3360 omnes
1675 3297 1832 3363 omnium

300 3392 457 3478 gentium
494 3398 647 3467 eruditos
679 3421 749 3469 una
782 3426 885 3483 uoce,
918 3429 986 3474 una
1016 3413 1187 3478 sententia
1226 3434 1372 3500 regnum
1409 3412 1446 3477 in
1479 3411 1607 3478 litteris
1640 3415 1684 3479 ad
1715 3413 1831 3500 ipsum

301 3509 486 3578 detulisse?

344 3627 391 3694 Et
420 3631 462 3696 de
494 3630 700 3707 Ruhnkenio
722 3639 1008 3728 Wyttenbacbii:
1037 3670 1055 3714 «
1077 3649 1233 3718 ueritatis
1257 3673 1354 3720 amor
1374 3662 1410 3719 et
1431 3653 1599 3737 professio
1624 3653 1781 3720 omnium
1799 3654 1830 3718 ei

302 3744 371 3808 fuit
396 3749 585 3818 officiorum
607 3759 885 3842 antiquissimum
912 3775 1193 3852 caeterorumque
1223 3771 1317 3857 origo
1339 3781 1374 3837 et
1403 3772 1627 3858 principium.
1671 3771 1740 3836 Neo
1756 3770 1828 3855 ipse
1940 3803 1949 3818 ·

300 3877 455 3942 unquam
477 3863 577 3932 aliter
594 3871 822 3953 loquebatur,
849 3898 954 3960 quam
977 3882 1164 3957 sentiebat,
1178 3907 1241 3946 nec
1260 3907 1333 3959 eos,
1355 3887 1414 3968 qui
1430 3909 1527 3952 secus
1546 3891 1717 3964 facerent,
1738 3889 1828 3954 ferre
1850 3897 1853 3906 '

299 3986 456 4064 poteret:
485 4001 549 4045 nec
567 3989 677 4068 magis
692 3993 824 4052 ferebat
842 3993 943 4067 illos,
971 3995 1054 4058 lieet
1070 4016 1140 4060 non
1156 4020 1334 4082 sermone,
1367 4010 1483 4064 tamen
1497 4019 1535 4063 re
1556 4009 1592 4064 et
1622 4003 1715 4067 facto
1732 4023 1829 4068 men·

302 4097 419 4175 daces,
457 4099 517 4183 qui
547 4105 669 4174 uultu.
696 4104 823 4182 oculis,
856 4116 974 4194 gestu,
1008 4109 1152 4187 habitu,
1188 4116 1348 4201 aliquam·
1374 4115 1567 4195 doctrinae,
1609 4121 1829 4204 prudentiae,

301 4216 443 4284 uirtutis
462 4220 609 4303 speciem
633 4222 853 4289 simularent:
878 4225 920 4289 ab
943 4246 1047 4312 eaque
1068 4230 1220 4299 uanitate
1247 4241 1386 4300 tantmn
1412 4235 1553 4315 aberat,
1573 4247 1614 4304 ut
1638 4238 1830 4325 imperitis,

307 4334 365 4416 qni
387 4335 461 4406 fere
490 4337 648 4423 opinione
673 4342 868 4420 ducuntur,
898 4344 1014 4412 minus
1038 4349 1162 4430 etiam,
1189 4373 1294 4438 quarn
1318 4363 1412 4432 erat,
1438 4359 1593 4428 eruditus
1616 4360 1831 4447 ingeniosus-

306 4469 372 4534 qne
394 4451 568 4524 rideretur
599 4468 696 4526 etse
725 4459 851 4539 videri,
884 4463 1089 4549 nequissime
1121 4479 1310 4554 pateretur.
1333 4509 1380 4522 -
1408 4474 1555 4544 Volebat
1589 4480 1669 4547 talis
1703 4483 1828 4562 videri,

306 4568 418 4652 qualis
458 4582 558 4660 erat,
606 4597 670 4646 nee
698 4577 786 4646 alius
820 4577 857 4644 in
881 4583 1039 4670 seriptis,
1072 4610 1177 4675 quam
1210 4592 1248 4660 in
1276 4613 1433 4664 sermone
1458 4607 1494 4667 et
1525 4599 1616 4670 ritae
1642 4615 1828 4673 cousuetu-

308 4683 397 4754 dine.
416 4707 434 4752 >r
