4956 6246
681 745 724 824 li
1000 751 1898 827 cluttorttsssltlvuttostt

677 945 886 1024 vindicetis
913 945 1138 1039 potissimum
1164 949 1232 1026 fuit
1254 960 1443 1038 relictum,
1471 961 1546 1064 qui¹
1559 959 1678 1028 nostri
1695 971 1831 1046 aetate,
1859 979 1879 1026 s
1904 959 2084 1046 physicos,
2122 966 2205 1050 chy-

674 1076 801 1140 miaete
837 1071 1022 1140 uberilmis
1062 1076 1216 1146 lontibus
1246 1078 1463 1156 haurientes,
1499 1079 1541 1144 de
1563 1079 1800 1146 doctrinarum
1828 1095 2010 1165 progressu
2041 1091 2100 1146 aut
2138 1101 2203 1148 nsu

673 1191 804 1276 optimc
824 1199 906 1256 sunt
926 1191 1064 1268 meriti,
1092 1202 1153 1259 sut
1183 1215 1334 1280 quorum
1364 1197 1479 1261 laudes
1516 1215 1609 1262 nunc
1636 1195 1741 1264 etiam
1756 1238 1768 1270 ‚
1798 1216 1877 1262 cum
1923 1197 2064 1278 rirsnt,
2101 1219 2205 1266 accu-

568 1301 577 1318 '
671 1312 862 1374 natantur.
913 1302 967 1372 Sic
989 1307 1148 1388 demum,
1184 1309 1367 1400 conjuncti
1387 1313 1543 1380 omnium
1572 1313 1695 1399 operi,
1717 1312 1862 1400 ingentis
1896 1310 2063 1381 circuitis
2089 1315 2204 1379 aedili·

672 1419 765 1492 cium
792 1434 1032 1492 constructum
1069 1440 1141 1515 est,
1168 1435 1267 1519 cujus
1299 1431 1450 1518 fastigia,
1486 1441 1630 1518 propter
1659 1433 1901 1508 fundamenta,
1938 1429 2040 1498 haud.
2069 1431 2142 1497 ulli
2170 1437 2201 1498 ti

671 1548 856 1624 movenda,
885 1546 989 1612 etlam
1010 1555 1114 1633 atque
1137 1549 1241 1615 ctiam
1267 1549 1408 1635 perduci
1431 1560 1597 1635 possunt,
1617 1551 1775 1637 quamvls
1800 1547 1915 1634 paucis
1936 1549 2087 1636 contigat
2106 1560 2204 1616 uteo

668 1663 888 1748 perueniant,
917 1663 1118 1748 altiorisque
1138 1669 1381 1734 exstructionis
1402 1669 1549 1755 gloriam
1575 1669 1822 1754 adipiscantur.

713 1896 778 1963 Sed
797 1897 962 1983 quaeritis
978 1911 1072 1962 nunc
1092 1896 1131 1962 i.
1152 1897 1191 1963 A.
1213 1897 1254 1960 H.
1273 1897 1325 1959 Hi
1363 1903 1449 1976 quiae
1472 1903 1610 1966 tandem
1637 1923 1656 1966 a
1676 1903 1925 1971 recentioribus
1948 1903 2202 1968 mathematicis

670 2021 761 2083 facta
778 2018 848 2080 sint
868 2023 975 2097 atque
994 2018 1149 2097 prolata,
1177 2011 1501 2100 quibusindmtrs'ac
1518 2018 1649 2079 artium
1660 2016 1903 2100 perfectiorum
1915 2033 1946 2082 et
1960 2039 2200 2108 progressum.

667 2139 788 2198 nostro
805 2129 977 2213 imprimis
993 2138 1168 2215 tempore,
1190 2142 1500 2219 magncmpdrtsm
1522 2131 1636 2196 trilici
1664 2129 1781 2195 detera
1812 2133 1993 2196 contendo.
2038 2133 2204 2218 Exempla

667 2246 835 2316 nimirum
857 2248 1083 2314 desideratis?
1129 2249 1267 2316 Adsunt
1294 2251 1467 2335 proiecto,
1493 2272 1556 2318 nec
1570 2266 1699 2336 panca,
1725 2262 1829 2334 atque
1854 2266 1894 2316 ex
1918 2249 2043 2313 horum
2059 2269 2203 2316 numero

669 2371 835 2455 quaedam
867 2369 1024 2436 univorsa
1058 2369 1233 2444 adieram,
1264 2389 1414 2454 quorum
1448 2369 1539 2435 ratio
1563 2370 1662 2434 baud
1695 2365 1774 2434 talis
1804 2373 1876 2442 est,
1905 2375 1946 2432 ut
1977 2385 2033 2442 ca,
2075 2366 2200 2450 absque

670 2483 929 2570 disciplinarum
972 2486 1323 2564 matbematicarum,
1372 2486 1593 2572 ipsarumque
1643 2485 1853 2551 industriaex
1873 2484 2000 2551 artium
2041 2487 2201 2553 exactiori

671 2587 832 2682 setensis,
856 2605 1028 2670 diffissus
1048 2603 1269 2690 percipiatur.

704 2723 935 2808 ltprimum
961 2723 990 2788 si
1008 2724 1215 2808 inquirimus
1232 2723 1270 2787 in
1287 2740 1426 2801 cousus,
1449 2723 1575 2807 quibus
1597 2720 1832 2807 plurimarum
1852 2723 2042 2790 industrius
2070 2725 2198 2791 artium

668 2847 821 2929 perfecta
843 2845 932 2911 ratio
954 2854 989 2910 et
1012 2843 1160 2929 insignes
1188 2861 1387 2926 progressus
1412 2849 1596 2920 tenentur,
1629 2843 1730 2908 facilc
1754 2841 1962 2927 reporimus,
1980 2843 2198 2928 -sepositis

669 2961 711 3024 iis
741 2959 919 3042 omnibus,
960 2965 1049 3045 quae
1090 2969 1334 3043 stemporum
1373 2977 1580 3043 morumque
1618 2960 1842 3032 necessitate,
1875 2981 1893 3024 s
1936 2960 2197 3026 commodorum

670 3085 876 3168 augmento,
892 3117 938 3128 -
961 3099 1002 3144 ex
1016 3080 1140 3146 oblatis
1158 3077 1412 3154 occasionibus,
1435 3086 1537 3160 atque
1556 3078 1777 3145 exhumanae
1797 3079 1967 3146 societatis
1987 3081 2082 3147 rario
2104 3089 2198 3146 statu

673 3205 715 3265 et'
732 3198 863 3267 diversi
879 3198 1072 3265 conditione
1087 3199 1337 3284 profluunt,—
1348 3215 1454 3262 unam
1468 3215 1539 3262 esse
1553 3196 1761 3292 maximam,
1780 3199 1947 3263 nimirum
1967 3198 2199 3280 subsidiorum

668 3319 835 3401 majoram
847 3315 1093 3402 perfectionem
1111 3326 1147 3382 et
1167 3317 1319 3402 copiam,
1339 3327 1399 3382 aut
1416 3315 1570 3399 ipsorum
1591 3316 1763 3383 artificum
1784 3316 2001 3383 iabroruxnrn
2019 3305 2197 3384 meliorem

668 3434 845 3502 tbientiani
871 3441 906 3501 et
922 3421 1089 3522 majoram
1119 3435 1293 3520 peritiam.
1338 3428 1391 3498 sd
1417 3432 1479 3496 illa
1502 3433 1607 3520 igitur
1630 3435 1780 3502 subsidia
1799 3437 1940 3520 propius
1958 3437 2195 3510 attendamus,

666 3557 777 3639 quac,
796 3556 844 3632 si,
860 3555 896 3619 in
913 3561 1073 3622 uostrdrti
1091 3557 1215 3634 linem,
1237 3557 1287 3622 ita
1307 3555 1510 3622 definiamus
1527 3599 1536 3626 ,
1551 3566 1592 3621 ut
1610 3555 1681 3622 sint
1701 3577 1760 3638 ea,
1780 3575 1841 3642 psr
1860 3565 1947 3640 quae
1965 3553 2195 3620 conficiuntur

666 3655 739 3740 si'rc
770 3679 1007 3760 temperuntur
1029 3673 1202 3741 r'nriarum
1221 3675 1351 3742 artium
1377 3675 1510 3762 objecta
1538 3683 1574 3742 st
1594 3674 1775 3762 subjccta,
1806 3684 1949 3760 apparet
1966 3675 2029 3738 illa
2050 3690 2193 3737 numero
2294 3709 2297 3714 ·

667 3793 737 3860 esse
759 3795 852 3876 tric,
874 3800 960 3880 qnae
986 3795 1091 3881 vulgo
1115 3803 1286 3860 vocantur
1315 3792 1512 3877 machinor,
1535 3795 1768 3860 iustrumenta
1785 3804 1821 3862 et
1841 3803 2043 3880 apparatur.

713 3909 748 3971 st
770 3914 883 3991 agitn'r
905 3923 1022 3976 autern
1038 3916 1081 3977 de
1099 3914 1290 3989 machinis,
1310 3915 1371 3995 qui
1392 3915 1452 3990 fit,
1478 3912 1518 3979 A.
1532 3912 1594 3980 ΔΛ
1619 3917 1711 3996 q'uud
1723 3915 1824 3979 bodie
1845 3923 1916 3974 tam
1932 3905 2049 3968 exacti
2065 3905 2196 3968 ratione

666 4023 855 4106 subtilique
875 4026 1042 4102 existant,
1059 4041 1104 4070 -’-
1124 4027 1215 4101 quod
1234 4027 1387 4104 partium
1407 4027 1518 4088 forma
1549 4033 1584 4088 et
1604 4039 1785 4096 mensura,
1814 4028 2002 4100 mutuaque
2026 4019 2194 4088 ordinatio

666 4143 717 4206 ita
735 4138 805 4205 sin't
817 4140 1029 4227 designatis,
1041 4146 1081 4204 ut
1095 4145 1259 4214 teneant,
1278 4138 1371 4220 quod
1390 4137 1559 4201 sustinere
1577 4135 1703 4202 debent
1715 4183 1724 4214 ,
1735 4157 1781 4186 -ι
1796 4145 1837 4202 ut
1853 4138 1981 4202 tollant
1994 4143 2195 4220 premantre

665 4257 724 4322 cut
747 4256 839 4342 ipsse
861 4266 1087 4341 premantur,
1115 4255 1243 4340 quanti
1267 4272 1351 4340 opus
1381 4265 1433 4322 est
1464 4256 1515 4333 vi,
1551 4273 1612 4322 nec
1634 4260 1715 4340 plus
1735 4257 1913 4332 minusve,
1932 4289 1977 4304 -
1992 4265 2033 4322 ut
2054 4267 2194 4335 motus,

665 4378 736 4443 'si've
749 4378 920 4442 celerrimi
936 4377 1006 4442 sire
1021 4375 1225 4452 lautissimi,
1238 4397 1276 4440 ac
1293 4389 1400 4460 poene
1426 4369 1605 4452 cernendi,
1626 4375 1697 4442 sire
1715 4376 1750 4439 in
1772 4375 1965 4462 directum,
1983 4377 2053 4444 sire
2066 4381 2195 4442 ret'ro'r-

665 4497 767 4568 sum,
789 4495 859 4561 sire
876 4504 1053 4582 gyrantes,
1075 4496 1145 4562 siro
1169 4494 1235 4560 alio
1254 4495 1372 4560 ordine
1395 4492 1529 4576 attinio
1553 4493 1691 4580 regione
1708 4491 1864 4577 dedalei,
1896 4515 2013 4561 omnes
2038 4493 2192 4576 quidem,

662 4607 765 4703 st'tis
787 4617 952 4702 temporis
967 4616 1105 4704 punctis
1120 4615 1306 4700 spatiisque
1322 4661 1330 4691 ,
1350 4615 1537 4699 incipiant,
1564 4613 1786 4681 absolvantur
1799 4625 1834 4682 et
1848 4615 1945 4705 qu'asi
1964 4610 2193 4679 concordent?

663 4737 788 4817 terto,
817 4741 909 4824 qubd
924 4731 1024 4806 'nuta
1051 4738 1097 4803 sit
1118 4733 1248 4812 bodie,
1275 4735 1318 4798 in
1343 4737 1409 4801 boc
1438 4732 1595 4820 rr'dgutio,
1622 4733 1822 4819 principum
1846 4731 2024 4799 unificum
2053 4727 2193 4796 scientie
