4918 6254
923 723 1202 794 oestro.
1359 691 1362 703 ‘
1777 731 1823 794 eo

298 931 401 1004 dnm,
430 930 493 993 hac
512 928 549 992 in
575 945 674 993 musa
696 931 894 1016 exemplum
919 932 992 1016 ipse
1011 929 1108 995 lesus
1132 927 1304 1012 praebuit.
1328 923 1447 992 -uunc
1473 922 1581 1010 igitur
1603 927 1819 1006 intueantur,

297 1049 337 1114 ed
356 1044 454 1111 Hunc
474 1067 511 1112 se
534 1046 744 1123 informent,
773 1048 893 1125 Hunc,
924 1049 952 1112 ri
972 1053 1025 1115 rel
1046 1049 1170 1132 imperi
1189 1067 1338 1133 gressu,
1358 1051 1545 1128 sequantur
1566 1042 1732 1133 Theologi
1749 1068 1823 1112 om·

297 1186 372 1242 nes;
394 1163 444 1230 sic
464 1163 530 1249 ipsi
547 1164 646 1229 unice
666 1185 785 1231 verum
806 1175 996 1250 sectantes,
1012 1186 1073 1232 sua
1089 1167 1291 1240 conferent,
1311 1173 1353 1228 ut
1366 1159 1514 1247 Spiritus
1536 1163 1690 1229 veritatis
1715 1185 1824 1251 auge-

296 1296 375 1352 atur
395 1295 430 1352 at
449 1284 644 1351 dominetur
663 1302 725 1370 per
742 1283 871 1350 orbem.
1226 1272 1230 1282 '

342 1402 554 1488 lntelligitur
571 1403 651 1466 hinc
669 1423 730 1468 suo
750 1410 888 1486 sponte,
905 1403 1076 1485 quomodo
1093 1398 1301 1466 informandi
1323 1397 1419 1462 nobis
1439 1395 1618 1461 videantur
1635 1395 1699 1478 ipsi
1714 1393 1824 1460 Theo·

296 1521 363 1602 logi
385 1520 428 1584 ed
449 1538 569 1584 verum
591 1520 690 1586 unice
717 1519 929 1586 sectandum.
977 1518 1030 1584 Ab
1050 1521 1115 1584 hoc
1138 1519 1334 1606 longissime
1351 1517 1496 1594 absunt,
1523 1519 1584 1604 qui
1606 1517 1694 1583 veris
1711 1519 1823 1584 notio-

295 1633 394 1700 nibus
423 1638 651 1720 proponendis
684 1639 961 1722 inculcandisque
988 1659 1126 1703 omnem
1154 1657 1294 1722 operam
1323 1639 1586 1724 impendendam
1605 1661 1676 1706 esse
1697 1638 1819 1705 existi-

296 1765 409 1831 ment,
434 1759 473 1819 ac
489 1756 524 1819 'si
553 1743 610 1832 id,
636 1767 676 1822 ut
698 1776 819 1822 rerum
837 1757 935 1822 eunice
957 1765 1150 1830 sectentur,
1171 1756 1332 1832 sufficiam
1352 1758 1486 1843 longius
1502 1759 1607 1822 etiam
1622 1757 1683 1841 qui
1705 1765 1822 1822 aucto-

294 1871 398 1936 ritete
426 1892 481 1936 eos
507 1873 680 1940 ducendos
706 1875 941 1960 regundosque
969 1893 1042 1936 esse
1068 1880 1263 1936 autumant.
1303 1871 1452 1937 Ducendi
1477 1874 1616 1938 omnino
1638 1882 1736 1947 sunt,
1761 1877 1820 1940 sed

296 1993 410 2056 multo
431 1963 540 2078 magis
561 1995 663 2058 etiarn
684 1990 899 2056 instituendi.
944 1987 1015 2070 Ipsi
1033 1961 1140 2052 iures
1161 1987 1286 2051 intenti
1302 1988 1491 2056 reddantur
1501 2003 1518 2073 ‚'
1529 1992 1593 2075 ipsi
1616 1991 1704 2056 vires
1725 1994 1819 2075 peri-

295 2107 461 2171 clitentur
485 2127 583 2181 suas,
611 2105 854 2186 monstrando,
882 2104 1142 2186 interrogando,
1172 2101 1336 2166 eliciendo
1361 2124 1402 2166 ex
1428 2105 1532 2186 ipsis,
1559 2125 1679 2169 rerum
1700 2108 1741 2170 iis
1754 2127 1823 2189 ap-

296 2237 436 2310 pareat,
469 2237 510 2291 ut
533 2228 659 2290 mentis
688 2223 795 2289 oculis
821 2221 856 2284 id
881 2221 1084 2303 adspiciunt,
1116 2228 1152 2284 et
1180 2219 1322 2285 sublimi
1355 2224 1466 2288 forma
1493 2220 1670 2303 adspecta,
1708 2221 1822 2288 inere·-

294 2341 392 2408 dibili
419 2341 525 2425 ipsius
548 2359 664 2406 amore
690 2337 930 2403 incendantur.
968 2335 1030 2401 llic
1056 2337 1147 2402 enim
1170 2355 1266 2404 amor
1294 2339 1408 2402 omnia
1436 2339 1573 2405 vincens
1592 2342 1748 2424 primum
1769 2355 1824 2412 est

296 2470 330 2524 et
350 2460 491 2524 unicum
513 2458 603 2533 sere,
635 2479 705 2546 quo
725 2475 845 2523 verum
860 2455 896 2519 in
911 2456 1097 2542 Theologia
1116 2455 1215 2522 unice
1233 2465 1418 2522 sectentur.
1464 2456 1504 2520 Iu
1518 2457 1600 2540 ipsis
1617 2455 1824 2549 Theologiae
1945 2465 1951 2480 ’

293 2575 418 2641 scholis
445 2577 511 2639 hoc
538 2583 679 2660 agatur,
705 2577 877 2659 ducesque
902 2571 972 2640 sint
996 2574 1151 2639 doctores
1182 2574 1217 2637 in
1248 2595 1327 2640 rero
1357 2573 1501 2642 videndo
1530 2579 1764 2662 amandoque3
1788 2593 1824 2648 ut

295 2697 364 2759 huc
383 2693 574 2778 praeparati
592 2695 637 2757 ad
655 2694 732 2758 illas
757 2696 889 2758 scholas
907 2695 1088 2768 accedant,
1110 2669 1176 2755 nisi
1199 2693 1415 2760 frustramus
1433 2715 1532 2780 saepe
1557 2697 1592 2761 in
1611 2699 1703 2764 hisce
1722 2701 1821 2768 labor

294 2815 350 2879 sit.
395 2809 492 2896 Opus
519 2821 572 2876 est
599 2811 800 2897 eporedias,
823 2830 927 2894 quam
950 2831 1009 2876 vos
1037 2820 1108 2876 tam
1135 2809 1268 2896 egregie
1287 2810 1469 2894 praebetis.
1515 2811 1591 2880 Viri
1611 2811 1819 2880 Clarissimi!
1894 2897 1899 2908 1

294 2930 353 3015 qui
381 2927 586 3013 disciplinis,
612 2928 745 2992 artibus
774 2929 996 3002 liberalibus,
1023 2928 1172 3011 antiquis
1201 2928 1331 3004 literis,
1358 2929 1572 3012 philosophie
1598 2936 1820 3016 praesertim,

293 3053 429 3118 futuros
463 3047 645 3114 instituitis
681 3045 883 3134 Theologos.
936 3044 1027 3114 Haec
1064 3045 1155 3111 enim
1189 3065 1257 3110 non
1288 3047 1330 3110 ad
1364 3046 1605 3134 intelligendas
1641 3051 1819 3130 lectiones,

291 3179 351 3234 aut
378 3189 418 3234 ex
450 3167 620 3242 utilitate,
646 3185 730 3249 ques
758 3185 797 3230 ex
823 3165 918 3234 hisce
939 3166 976 3230 in
998 3164 1222 3251 Theologiam
1245 3163 1437 3231 redundare
1463 3177 1599 3252 potest,
1632 3170 1731 3236 unice
1758 3182 1820 3237 aut

290 3286 509 3370 potissimum
539 3295 623 3350 sunt
652 3283 857 3360 adbibende;
888 3286 947 3350 sed
976 3304 1015 3350 ec
1041 3285 1077 3348 in
1102 3284 1222 3368 primis
1246 3286 1381 3363 ualent,
1395 3295 1438 3351 ut
1456 3285 1522 3370 ipsi
1540 3289 1695 3354 homines
1716 3296 1819 3357 mco·

290 3407 428 3479 lentur,
464 3413 499 3468 et
534 3403 605 3468 veri
641 3402 843 3486 praesertim
876 3423 956 3467 oum
996 3423 1115 3468 seusus
1146 3411 1309 3477 acuetur,
1338 3412 1415 3468 tum
1442 3405 1693 3472 intensissimus
1724 3429 1821 3474 emor

292 3518 469 3582 excitetur.
514 3515 614 3604 Quod
635 3541 715 3585 oum
733 3521 957 3602 pronunciem
982 3542 1063 3586 oum
1089 3521 1254 3596 aliorum,
1275 3519 1336 3605 qui
1351 3521 1437 3586 mihi
1462 3525 1698 3609 contigerunt,
1721 3547 1822 3608 prae·

294 3645 494 3719 ceptorum,
529 3659 650 3722 magna
686 3659 819 3722 semper
855 3640 1073 3708 veneratione
1110 3640 1443 3724 prosequendcrum,
1489 3653 1569 3707 tum
1594 3644 1689 3710 illius
1720 3665 1821 3726 prae-

293 3753 413 3818 sertim
435 3753 548 3836 imago
573 3755 686 3818 menti
716 3776 810 3820 meae
837 3755 1059 3831 obversetur,
1087 3776 1192 3837 quem
1214 3759 1281 3821 boc
1304 3775 1393 3822 anno
1415 3755 1547 3838 literis,
1568 3758 1820 3839 philosophiae,

293 3869 424 3954 patriae
456 3877 618 3951 ereptum
651 3888 789 3934 meeum
825 3873 946 3956 lugent
971 3890 1091 3935 omnes
1120 3871 1214 3936 boni.
1272 3869 1440 3934 anunm
1467 3869 1547 3934 volo
1574 3891 1750 3956 nunqnam
1778 3897 1820 3940 ex

293 3988 406 4054 animo
440 4005 517 4050 meo
548 3985 775 4067 eripiendum.
828 3984 929 4050 Hune
953 3987 1124 4070 adspicere
1153 3987 1240 4050 mihi
1265 3986 1398 4068 videor,
1431 4005 1499 4050 non
1526 3987 1681 4054 doctrina
1707 3995 1822 4075 potis-

292 4108 441 4180 simum,
483 4104 543 4168 sed
576 4097 796 4167 ‘institutione
832 4103 1035 4184 praesertim
1071 4123 1132 4168 sua
1157 4105 1325 4189 juvenum
1354 4103 1420 4168 sibi
1445 4123 1598 4171 amorem
1628 4109 1821 4174 concilien-

293 4236 387 4298 tem,
412 4229 515 4306 alque
539 4218 578 4284 in
595 4239 652 4284 ece
678 4218 728 4284 ita
749 4227 923 4305 egentem,
951 4227 995 4283 ut
1023 4219 1089 4303 ipsi
1118 4241 1155 4284 se
1179 4224 1392 4298 excolerent,
1418 4233 1453 4288 et
1470 4227 1605 4308 pulcri,
1630 4227 1819 4305 reri,boni

292 4361 408 4407 sensus
427 4340 464 4403 in
484 4339 567 4424 ipsis
588 4345 791 4418 teneretur,
818 4335 1012 4419 horumque
1036 4337 1193 4402 studium
1212 4337 1419 4408 excitaretur
1436 4343 1506 4420 ite,
1534 4355 1591 4422 ut,
1613 4348 1649 4411 in
1672 4349 1817 4431 quibus-
1844 4321 1848 4330 ¹

294 4477 440 4546 eumque
467 4457 636 4542 deinceps
660 4451 832 4520 doctrinis
870 4464 1110 4529 versarentur,
1156 4451 1249 4521 hisce
1276 4457 1420 4524 ducibus
1457 4472 1650 4530 uterentur.
1694 4467 1818 4534 Virum

294 4579 433 4642 laudere
451 4575 604 4674 namsi
615 4581 691 4649 est,
710 4591 772 4637 nec
789 4571 993 4654 praesertim
1016 4574 1127 4668 hujus,
1138 4575 1217 4652 lupi.
1262 4573 1328 4641 sed
1345 4578 1411 4643 hoo
1429 4581 1554 4647 dabitis
1573 4585 1659 4648 milri
1672 4627 1680 4656 ,
1691 4585 1819 4653 dicenti

294 4698 335 4760 de
354 4696 692 4782 argumentosquod
705 4700 844 4776 ‘quanin
862 4689 931 4774 ipsi
952 4690 1093 4768 debeam
1114 4704 1329 4769 memmei·
1352 4699 1547 4781 ubpublicc
1569 4702 1819 4786 homprofilen-

294 4818 354 4900 do,
377 4827 513 4902 greum
532 4809 640 4904 'ipsius
658 4811 817 4882 munibus
838 4807 993 4884 animum
1012 4813 1223 4900 significem„
