4956 6246
967 707 1246 776 ousT10.
1820 709 1863 774 19

335 917 576 986 consultorum
606 929 815 989 concursus,
842 922 883 981 ut
911 933 1051 980 omnam
1081 915 1190 982 ferme
1219 907 1426 980 academiam
1453 905 1490 970 in
1517 903 1788 986 propcedeuticis
1818 914 1862 978 ad

333 1034 536 1104 medicinam
560 1032 687 1098 versari
701 1075 711 1110 ,
726 1033 935 1099 credidisses.
980 1032 1049 1100 Nec
1065 1033 1207 1100 mirum.
1251 1029 1315 1098 Vir
1336 1045 1482 1114 magnus
1498 1030 1571 1088 erat
1594 1019 1862 1109 Brugmansius,

333 1156 543 1242 praeclaram
567 1160 711 1218 naturae
744 1152 922 1220 scientiam
952 1155 1099 1220 ardenas
1124 1162 1198 1220 crat
1227 1151 1395 1226 disertus;
1425 1151 1648 1226 atemptatus
1671 1153 1739 1219 vei,
1769 1144 1857 1230 quod

332 1271 503 1340 dminus
520 1269 628 1362 scuit,
672 1270 803 1340 Verum
826 1293 1025 1349 careamus,
1056 1293 1101 1338 ne
1126 1272 1254 1338 iterum
1280 1263 1512 1350 decipiamur,
1535 1269 1639 1346 atque
1663 1260 1861 1328 auditorum

333 1414 478 1461 numero
507 1403 644 1459 nostrae
670 1393 742 1460 sire
775 1394 966 1470 doctrinae,
998 1391 1069 1458 sive
1096 1389 1295 1476 disciplinae
1326 1389 1567 1468 computemus
1599 1382 1858 1464 praestantiam.

332 1513 417 1582 um
436 1533 532 1578 amar
558 1533 661 1579 verus
681 1513 797 1579 miuus
822 1511 953 1577 arderia
969 1511 1119 1594 quodam
1137 1511 1296 1595 impetu,
1318 1525 1424 1593 quam
1450 1500 1642 1568 constantia
1668 1520 1707 1566 ac
1725 1501 1863 1566 stabili-

330 1641 401 1698 tsts
420 1631 650 1726 dignoscitur,
674 1653 737 1702 nec
761 1633 931 1699 suscitare
949 1651 1029 1698 eum
1053 1631 1203 1709 sufficit,
1230 1647 1353 1696 aarum
1372 1624 1512 1689 firmare
1532 1627 1670 1704 oportet
1693 1639 1733 1684 ac
1749 1621 1860 1707 magis

330 1750 506 1839 magisque
526 1753 756 1820 corroborare.

372 1869 460 1936 Ecce
479 1869 585 1957 igitur
616 1872 714 1938 nobis
741 1871 930 1938 academiae
953 1869 1084 1938 civibus
1103 1870 1144 1934 de
1167 1868 1292 1934 amoris
1317 1885 1387 1930 non
1411 1870 1551 1927 tantum
1573 1860 1715 1930 adore,
1741 1879 1861 1950 renim

328 1987 518 2054 stabilitate
532 1989 690 2074 inprimis
711 2012 752 2056 ac
771 1988 963 2056 constantia
983 1993 1156 2049 certamen
1177 1977 1414 2061 propositum!

374 2100 568 2190 Gapiuntur
595 2109 738 2188 juvenes
763 2100 1016 2186 pulcritudine,
1040 2093 1178 2176 gratiis,
1210 2088 1392 2156 verteribus
1415 2086 1534 2170 sicque
1557 2086 1596 2149 in
1620 2087 1703 2152 alias
1726 2108 1863 2174 seraper

332 2218 483 2300 aliasque
510 2217 665 2280 involant
696 2209 871 2290 scientias,
907 2227 963 2272 eas
995 2205 1222 2290 praesertim,
1252 2225 1340 2290 quae
1381 2201 1543 2270 novitatis
1571 2204 1683 2290 gratia
1712 2205 1861 2274 maxime

331 2338 485 2418 ipsorum
512 2327 657 2415 ingeniis
686 2325 897 2415 juvenilibus
930 2326 1083 2408 placent,
1128 2320 1217 2390 Sunt
1242 2325 1326 2390 haec
1358 2323 1497 2389 amandi
1534 2324 1735 2410 disciplinae
1763 2325 1863 2394 initia

329 2449 460 2538 prima:
492 2447 640 2512 necdum
666 2465 768 2512 uerus
795 2465 891 2512 amor
913 2444 971 2510 hic
995 2452 1070 2522 est,
1105 2443 1165 2530 qui
1200 2444 1315 2529 pulcri
1344 2453 1483 2511 tantum
1511 2443 1624 2528 specie
1654 2451 1796 2509 tenetur
1823 2453 1860 2510 et

329 2564 618 2654 quemadmodum
632 2563 693 2649 qui
709 2584 787 2632 vere
798 2575 913 2643 amat,
930 2585 1000 2632 nou
1010 2586 1134 2650 corpus
1147 2566 1310 2650 pulcrum
1320 2573 1415 2630 amat
1424 2610 1434 2640 ,
1443 2565 1503 2630 scd
1515 2565 1670 2628 animum
1681 2565 1859 2648 pulcrum,

329 2688 376 2754 sic
394 2684 616 2750 scientiarum
640 2691 850 2750 amatornon
869 2693 941 2749 tam
958 2684 1181 2750 scientiarum
1198 2683 1318 2749 formis
1328 2703 1537 2770 ,quamvera
1549 2685 1702 2768 ipsarum
1720 2685 1859 2768 paleri-

331 2802 449 2876 iudine
476 2800 651 2886 capietur,
676 2799 700 2867 i.
727 2823 756 2870 e.
785 2799 916 2867 amabit
937 2821 992 2866 eas
1024 2777 1164 2866 eatenus
1192 2811 1502 2887 quatenumerae
1525 2809 1628 2866 sunt:
1651 2802 1717 2868 hoc
1739 2809 1857 2868 autem

330 2920 453 3007 ecquid
487 2920 580 2984 aliud
606 2927 683 2996 est,
711 2938 815 3004 quam
845 2939 959 2984 amare
982 2939 1113 2984 mmm.
1149 2916 1226 3006 Quo
1254 2939 1370 2986 amore
1399 2920 1461 3003 qni
1487 2920 1649 2996 ducitur,
1680 2939 1761 2986 eum
1792 2941 1861 2988 non

331 3042 499 3116 insanire,
534 3040 593 3106 sed
618 3059 735 3125 sapere
760 3039 964 3128 juremerito
991 3039 1150 3108 dicimus.
1203 3037 1308 3119 Nam,
1337 3037 1629 3126 quemadmodum
1669 3059 1773 3126 vagus
1799 3040 1861 3106 ille

329 3180 426 3226 amor
460 3157 711 3243 polymathiam
745 3159 922 3244 aliquam,
959 3168 1021 3225 aut
1058 3160 1323 3245 polyhistoriam
1348 3161 1464 3246 parit,
1496 3179 1583 3245 quae
1614 3157 1868 3258 scientiaeaut

330 3277 500 3362 praelusio
522 3277 707 3362 quaedam,
725 3286 788 3346 aut
807 3277 950 3356 umbra,
970 3278 1019 3344 sic
1036 3279 1192 3365 stabilis,
1217 3289 1374 3347 constans
1385 3279 1527 3347 derum
1549 3280 1642 3365 parit
1663 3280 1871 3364 celestium.⁴

374 3393 466 3483 Quid
484 3404 600 3462 autem
617 3397 664 3464 sit
676 3417 797 3464 rerum
816 3397 926 3488 illud,
939 3399 1033 3483 quod
1050 3420 1166 3468 amare
1186 3401 1387 3485 cunctisque
1405 3397 1508 3466 rebus
1519 3417 1728 3483 praeponere
1745 3399 1859 3474 decet,

328 3524 545 3600 quaerentes,
568 3514 681 3582 denuc
697 3517 735 3582 in
749 3517 862 3584 medio
884 3518 1046 3584 orationis
1066 3539 1168 3586 eursu
1183 3521 1448 3604 interpellamur
1471 3518 1705 3602 complurium
1729 3519 1861 3603 sapien·

330 3643 408 3700 tum
430 3635 590 3702 vocibus:
609 3656 757 3720 quoram
771 3635 829 3700 alii
846 3637 962 3702 omnia
978 3638 1106 3718 fluere,
1125 3638 1213 3706 nihil
1232 3647 1429 3707 constanter
1450 3659 1608 3717 manere3
1633 3637 1693 3703 alii
1709 3639 1864 3705 homines

331 3749 418 3814 nihil
436 3753 540 3830 scire,
560 3755 694 3836 omnari
716 3753 848 3837 omnia,
866 3756 1071 3840 nullamque
1094 3777 1166 3823 esse
1181 3755 1335 3824 ueritatis
1354 3765 1414 3822 aut
1432 3767 1570 3834 notam,
1598 3764 1659 3822 aut
1681 3753 1861 3820 criterium

330 3869 497 3934 clamant.
539 3865 782 3955 ¹Scepticorum
801 3877 867 3939 hoc
886 3875 1054 3954 placitum
1081 3886 1152 3948 est,
1183 3875 1276 3954 quod
1300 3874 1330 3934 si
1349 3873 1551 3955 audiamus,
1573 3893 1616 3936 ex
1644 3871 1715 3936 veri
1735 3883 1864 3939 amato-

250 4029 254 4036 ·
329 3987 426 4054 ribus
451 3991 621 4048 amatores
652 3990 820 4065 opinionis
842 3989 925 4046 sacti
945 4003 1078 4048 sumus.

374 4100 506 4169 Siccine
532 4121 594 4166 nos
620 4097 817 4184 opinionem
838 4107 879 4164 ut
899 4099 1015 4164 stabili
1045 4099 1283 4184 constantique
1307 4119 1424 4166 amore
1448 4119 1719 4187 prosequamur,
1743 4102 1862 4174 Socra·

332 4225 378 4290 tis
399 4233 566 4305 tanquam
588 4240 670 4286 voce
693 4216 940 4284 moneremur?
964 4215 1056 4284 Bona
1070 4218 1175 4285 verba
1191 4220 1334 4304 quaestu
1358 4217 1489 4285 Eorum
1521 4219 1605 4285 haec
1621 4212 1687 4287 uox
1707 4232 1781 4308 est,
1802 4228 1862 4310 qui

330 4347 473 4426 propter
501 4339 612 4424 ipsam
651 4336 775 4404 amoris
809 4336 1093 4416 inconstantiam,
1140 4359 1259 4404 mussa
1295 4337 1450 4404 veritatis
1493 4339 1648 4422 prodita,
1688 4343 1864 4425 repulsam

336 4460 508 4528 tulerunt,
553 4455 628 4524 Non
654 4459 903 4542 desperandum
934 4468 1009 4535 est,
1050 4479 1113 4524 nec
1142 4456 1294 4546 ignaviae
1329 4458 1599 4546 indulgendum:
1633 4479 1714 4524 nam
1744 4461 1863 4526 nullus

334 4599 432 4646 amur
456 4581 528 4647 sine
565 4579 698 4650 labore,
729 4578 802 4644 sine
831 4577 1015 4650 molestia,
1046 4578 1118 4646 sine
1155 4577 1353 4645 certamine.
1399 4574 1501 4664 Quod
1529 4587 1706 4646 certamen
1735 4578 1861 4646 amoris

335 4699 495 4784 plurimis
531 4708 635 4786 atque
668 4695 912 4766 illustrissimis
942 4697 1055 4767 verbis
1088 4698 1333 4785 sententiisque
1363 4699 1554 4771 celebravit
1584 4699 1722 4768 Tullius
1734 4746 1744 4780 ,
1778 4700 1838 4786 qui
1850 4719 1858 4762 :
