4956 6246
805 695 811 704 ’
920 739 1202 814 orario.
1780 749 1821 816 rs

295 945 542 1031 investigandas
564 957 700 1010 'ansam
718 945 830 1029 dare,
853 945 1027 1028 totiusque
1063 946 1225 1016 scientiae
1259 945 1386 1013 limites
1415 947 1468 1013 vel
1499 945 1648 1014 maxime
1667 949 1821 1022 dilatare.

296 1083 451 1130 curaeio
486 1082 590 1148 porrc
623 1062 777 1130 multum
819 1063 1035 1142 debebatur,
1084 1067 1177 1150 quod
1224 1062 1356 1149 egregie
1398 1063 1587 1142 docuisset,
1632 1068 1820 1148 quomodo,

295 1184 469 1268 analyseos
494 1201 577 1266 ope,
612 1179 839 1267 investigandi
870 1181 996 1246 auxilia
1025 1186 1138 1250 multo
1168 1180 1279 1267 ,magis
1315 1183 1482 1264 valerent,
1518 1203 1660 1268 eamque
1691 1185 1824 1270 ipsam,

297 1311 463 1385 tanquam
487 1299 635 1365 unicum
660 1300 852 1366 inveniendi
885 1301 1184 1376 instrumentum,
1212 1323 1283 1368 esse
1304 1301 1544 1370 adhibendam.
1592 1301 1672 1370 Mox
1697 1323 1824 1370 nevam
1925 1313 1932 1324 '

298 1427 334 1484 et
350 1417 573 1482 clarissimam
591 1421 706 1484 lucem
720 1421 843 1486 attulit
857 1440 1013 1484 summus
1035 1441 1230 1496 rawrorus,
1255 1418 1337 1504 qui,
1367 1419 1431 1484 nisi
1456 1420 1493 1484 in
1512 1419 1614 1492 variis
1633 1419 1824 1505 disciplinis

296 1533 546 1599 mathematicis
568 1533 817 1618 amplificandis
840 1537 1121 1621 praecelluiseet,
1150 1536 1194 1603 ob
1213 1536 1249 1600 id
1275 1538 1390 1602 solum
1411 1536 1500 1603 foret
1528 1539 1823 1624 incomparabilis,

295 1651 404 1736 quod,
425 1649 485 1716 sud
506 1652 771 1738 philosophandi
798 1655 947 1736 ratione,
982 1656 1071 1722 riam
1099 1657 1367 1734 monstraverit,
1395 1656 1504 1722 immo
1524 1656 1736 1733 muniverit,
1757 1657 1825 1740 qud

296 1772 436 1836 demum
483 1771 637 1838 incedere
684 1782 858 1857 oporteat,
907 1783 947 1837 ut
985 1774 1149 1839 scientiae
1190 1774 1359 1856 principia
1404 1774 1647 1852 stabiliantur,
1688 1784 1823 1863 utque,

225 1867 229 1878 ι
295 1909 451 1955 errorum
481 1871 636 1956 lontibus
670 1892 828 1968 evitatis,
861 1889 1051 1956 rectissime
1072 1891 1114 1952 ad
1146 1889 1329 1954 veritatem
1357 1892 1587 1973 perveniatur.
1632 1890 1699 1958 Sed
1722 1894 1825 1975 plura

296 2007 398 2083 fecit,
435 2027 515 2072 cum
539 2008 673 2072 easdem
698 2007 803 2074 etiam
833 2005 1093 2088 disciplinarum
1121 2003 1445 2068 mathematicorum
1470 2015 1607 2087 partes,
1637 2009 1825 2092 inquibus

295 2122 565 2204 contemplandis
589 2130 624 2186 et
651 2123 900 2204 pertractandis
928 2137 1148 2201 urrssrrrrus,
1180 2127 1368 2201 nosterque
1388 2138 1548 2186 uuarrrus
1572 2129 1684 2186 tantas
1707 2124 1825 2192 laudes

294 2239 468 2306 consecuti
495 2247 596 2309 sunt,
629 2237 812 2316 permultis
839 2236 1018 2319 praeclaris
1048 2234 1196 2302 iurantis
1224 2235 1456 2302 emendaverit
1479 2244 1515 2302 et
1537 2236 1608 2302 sere
1630 2240 1826 2323 complerit.

293 2356 464 2422 Nimirum
500 2351 690 2434 respiciatis
716 2353 822 2419 aelim
850 2374 937 2422 nova
959 2355 1083 2420 calculi
1097 2375 1235 2441 genera,
1250 2385 1292 2404 -
1319 2373 1504 2420 curvarum
1527 2354 1695 2421 theoriam
1714 2357 1825 2445 magis

163 2553 166 2558 ¹
296 2483 468 2542 exactam,
493 2507 538 2520 --
571 2470 786 2538 mechanicas
821 2459 988 2555 principia
1020 2471 1146 2538 melius
1177 2473 1406 2540 determinata
1441 2483 1545 2560 atque
1574 2475 1747 2555 adhibita,
1779 2513 1826 2528 -·

294 2593 412 2662 motuis
430 2597 541 2680 leges,
573 2609 823 2676 corporumque
844 2591 935 2657 uarie
957 2577 1133 2656 motorum
1159 2591 1328 2658 theoriam
1352 2592 1643 2668 enucleatam·
1668 2595 1825 2678 dynami·

296 2735 389 2794 cam,
417 2712 708 2796 hydrcstaticam,
744 2709 897 2794 opticen,
924 2719 959 2776 et
980 2709 1009 2774 si
1032 2729 1117 2793 quae
1139 2709 1269 2776 suerint
1300 2708 1384 2774 aliae
1412 2709 1674 2794 disciplinarum
1694 2714 1826 2778 mathe-

295 2832 500 2898 maticarum
534 2841 673 2916 partes,
693 2831 801 2919 magis
829 2830 998 2914 periectas
1025 2839 1061 2896 et
1088 2829 1229 2917 egregiis
1255 2826 1498 2913 experimentis
1530 2827 1733 2896 illustratas.

343 2949 442 3016 Facie
463 2951 882 3017 tenemuthematicarum
902 2947 1160 3032 disciplinarum
1181 2947 1269 3015 ratic
1291 2956 1326 3013 ct
1343 2944 1497 3012 studium
1524 2949 1621 3033 quasi
1641 2948 1827 3018 immutata

297 3079 394 3146 sunt,
436 3089 514 3135 cum
557 3070 792 3137 fundamentis
824 3068 1041 3136 solidioribus
1079 3069 1292 3147 niterentur,
1336 3089 1398 3134 nec
1431 3074 1545 3133 metus
1587 3067 1741 3141 adesset,
1782 3093 1826 3137 ne

296 3188 542 3272 principiorum
575 3189 800 3268 infirmitate,
831 3198 891 3254 aut
925 3187 1236 3254 instrumentorum
1267 3188 1351 3255 vitio
1377 3195 1413 3253 et
1437 3184 1601 3271 panarii,
1636 3191 1825 3268 autetiam

294 3305 582 3372 adminiculorum
593 3308 764 3391 paucitate
784 3317 821 3374 at
834 3309 990 3383 defectu,
1008 3307 1104 3374 unta
1116 3308 1220 3374 laude
1238 3305 1477 3394 dignissimum
1498 3325 1585 3390 opus
1602 3306 1695 3371 haud
1710 3309 1828 3374 certis·

293 3423 379 3490 sirus
396 3427 668 3493 continuaretur.
693 3424 814 3512 Itaque
827 3444 964 3507 eorum,
993 3425 1053 3510 qui
1065 3423 1186 3492 deinde
1206 3425 1314 3492 secuti
1330 3434 1413 3492 suut
1429 3425 1826 3515 mathematici,singuli

294 3560 371 3605 suas
386 3542 610 3609 adsumsbant
634 3553 771 3628 partes,
788 3565 868 3610 cum
896 3543 959 3610 alii
973 3563 1109 3610 omnem
1126 3543 1351 3630 geometriam
1374 3551 1411 3610 et
1425 3542 1601 3628 analyein,
1616 3544 1675 3608 alii
1691 3545 1827 3609 mecha·

295 3656 427 3735 nicam,
452 3659 512 3723 alii
527 3661 910 3743 hydro-mechanicam,
926 3681 1079 3747 quaeque
1100 3662 1183 3730 huic
1193 3664 1369 3732 doctrinae
1380 3663 1526 3728 confinia
1540 3673 1644 3740 sunt,
1665 3663 1724 3726 alii
1738 3661 1828 3745 opti·

295 3792 357 3837 cen
367 3819 376 3849 ,
387 3777 651 3851 astronomiam,
666 3780 907 3862 nauticamque
922 3791 1033 3845 artem
1048 3824 1058 3856 ,
1077 3780 1135 3844 alii
1149 3781 1217 3846 alia
1228 3781 1551 3846 mathematicarum
1566 3778 1825 3860 disciplinarum

296 3891 406 3974 capita
428 3900 627 3958 tractarent.
672 3893 776 3963 Multi
806 3897 895 3962 inter
923 3896 1001 3962 illos
1031 3895 1147 3968 fuere,
1178 3895 1232 3960 uti
1254 3915 1483 3974 armocraurr,
1506 3917 1665 3972 scurrus,
1690 3895 1825 3960 r'am·

296 4029 446 4087 scurrus,
473 4027 693 4084 marmores,
720 4009 870 4094 aliique.
897 4011 979 4091 qui,
1007 4010 1135 4094 ingenii
1159 4012 1317 4076 acumine
1339 4033 1420 4094 prae
1440 4011 1584 4078 caeteris
1601 4014 1829 4100 excellentes,

297 4129 557 4213 quamplurium
598 4127 752 4212 partium
775 4127 1040 4195 elaborationem
1058 4125 1163 4194 simul
1194 4127 1535 4216 comprehenderint,
1559 4137 1642 4212 aut,
1664 4129 1709 4194 ad
1737 4131 1827 4216 ipsas

297 4245 538 4330 absolvendas,
568 4266 727 4333 magnam
760 4244 858 4331 quasi
888 4245 1051 4312 materiae
1087 4245 1221 4329 copiam
1255 4245 1519 4332 suppeditariut.
1572 4245 1690 4314 Plures
1721 4249 1826 4316 etiam

300 4364 474 4443 vidimus,
499 4365 582 4451 qui,
614 4362 774 4430 omnibus
802 4363 873 4428 illis
890 4363 1037 4430 aliorum
1059 4361 1194 4430 auxiliis
1221 4364 1354 4452 adjuti,
1381 4386 1483 4432 usum
1501 4387 1642 4456 augere,
1668 4379 1828 4456 artesque

300 4485 402 4551 utiles
437 4485 601 4570 perficere
635 4480 813 4552 curabant.
858 4479 1023 4550 Nonnulli
1051 4483 1214 4562 tandem,
1246 4483 1350 4550 variis
1375 4486 1642 4573 experimentis,
1668 4496 1828 4556 naturam

301 4600 411 4687 ipsam
437 4604 666 4690 interrogare,
704 4621 890 4688 rerumque
916 4603 1067 4674 indolem
1108 4605 1263 4692 detegere
1295 4604 1517 4692 inceperunt,
1558 4617 1599 4675 ut
1636 4610 1827 4688 accuratius

302 4725 571 4803 innotescerent,
597 4745 685 4812 quae
704 4725 816 4792 adhuc
832 4742 891 4810 per
909 4725 1113 4812 hypotheses
1133 4734 1234 4795 erant
1251 4722 1407 4796 admissa.
1454 4728 1494 4797 ld
1510 4735 1627 4798 autem
1650 4727 1690 4794 iis
1702 4727 1827 4810 multis
