4956 6246
645 783 689 847 aa
952 763 1850 842 Giotonlstsltlvuanetu

647 980 683 1048 in
698 983 866 1048 zeacum
896 973 1054 1055 ordinem
1085 975 1304 1060 adscriptus,
1342 973 1512 1041 aemulari
1543 971 1671 1056 possim
1681 997 1695 1048 ,·
1716 971 1885 1058 idemque
1916 973 2075 1060 adsequi,
2110 979 2179 1058 quo

648 1113 706 1164 ves
736 1089 851 1161 cuncti
878 1100 914 1158 et
939 1089 1067 1178 singuli
1097 1093 1236 1181 gloriari
1269 1115 1377 1178 posse.
1401 1093 1497 1158 milri*
1512 1089 1694 1170 videmini,
1717 1121 1763 1138 -··
1782 1089 1950 1156 nimirum
1971 1100 2027 1168 nt,
2053 1089 2179 1158 multi·

647 1211 733 1280 sarid
768 1211 924 1278 doctrina
961 1222 997 1277 et
1042 1213 1286 1296 pulcherrimis
1325 1210 1453 1298 ingenii
1500 1209 1708 1276 ornamentis
1754 1207 1949 1293 conspicui,
2001 1207 2181 1292 antiquum

650 1332 754 1415 huius
782 1327 982 1398 Academiae
1007 1331 1153 1417 gloriam
1181 1330 1417 1398 laudatissime
1452 1326 1628 1397 tueamini.
1674 1327 1791 1397 Vobis.
1816 1326 1933 1411 itaque
1973 1343 2034 1390 me
2073 1341 2187 1405 quam·

649 1449 798 1518 maxime
819 1451 1035 1522 commendo.
1085 1449 1296 1541 Utinamque
1320 1447 1418 1514 illam
1436 1448 1523 1514 milri
1552 1447 1741 1514 condonare
1762 1441 1877 1511 velitis
1906 1437 2189 1512 familiaritatem

649 1577 684 1632 et
714 1565 922 1642 amicitiam,
953 1588 1037 1654 quas
1064 1572 1284 1638 vehementer
1311 1575 1423 1654 opto,
1454 1585 1607 1654 quasque
1634 1564 1758 1634 mereri
1803 1557 1997 1646 quibusque
2035 1557 2106 1642 frui
2135 1566 2176 1628 ¹⁸²

647 1681 795 1768 possim,
814 1699 948 1767 semper
972 1686 1069 1754 enixe
1089 1689 1243 1756 studebo.

694 1917 821 1987 Eadem
845 1929 963 1986 autem
996 1916 1295 1986 vehementissime
1321 1936 1383 1982 oro
1405 1927 1507 2002 atque
1532 1919 1708 1986 obseeroa
1729 1917 1846 2000 robis,
1868 1927 2073 1988 asarum!
2096 1927 2179 1981 aaa·

651 2037 789 2102 arestari
811 2037 871 2118 qui
888 2035 991 2110 mihi,
1012 2037 1049 2099 in
1065 2034 1328 2118 disciplinarum
1351 2031 1675 2100 mathematiearum
1693 2055 1732 2102 ac
1752 2034 1974 2118 physicarum
1991 2033 2156 2105 amttam
2165 2059 2187 2114 ‚·

651 2155 746 2222 eritis
770 2150 926 2238 Collegae
948 2152 1098 2220 maxime
1121 2154 1335 2222 aestimandi.

697 2270 941 2338 Gratissimum
973 2270 1080 2356 igitur
1104 2290 1238 2355 semper
1266 2271 1332 2338 erit
1360 2269 1532 2358 officium,
1570 2266 1775 2336 Clarissimo
1802 2287 1845 2332 nr
1870 2283 2012 2343 omnm.
2045 2268 2106 2350 qui
2135 2265 2189 2365 da·

651 2387 895 2454 mathematici
920 2385 1101 2470 disciplina
1128 2399 1308 2473 tantopere
1332 2409 1367 2454 es
1391 2385 1556 2454 meritust
1576 2395 1616 2452 et
1638 2384 1859 2452 cenimina
1875 2403 2098 2466 nsrswasnr,
2118 2385 2179 2470 qai

652 2507 853 2574 Academiae
881 2515 916 2572 et
944 2504 1076 2573 Patriae
1099 2505 1216 2572 existis
1232 2506 1351 2577 decus!
1377 2504 1634 2592 gratissimum,
1659 2504 1817 2589 inquam,
1842 2503 1928 2570 milri
1948 2504 2103 2570 manebit
2124 2505 2180 2570 of-

653 2629 790 2705 ficium,
828 2637 869 2693 ut
888 2625 974 2704 Vos,
1001 2647 1087 2712 quos
1121 2627 1427 2696 aestumatissimos
1455 2625 1561 2694 habui
1589 2636 1844 2712 praeceptores,
1872 2631 1934 2691 aut
1959 2619 2182 2689 amicissimos

655 2749 845 2833 adjutores,
869 2750 981 2814 colere
1004 2758 1040 2814 et
1066 2750 1251 2835 gratissimi
1280 2750 1386 2816 animi
1409 2748 1606 2818 testimonia
1627 2747 1723 2814 vobis
1742 2743 1987 2830 praebereaon
2007 2739 2183 2834 desineant,

655 2887 725 2950 quo
749 2869 812 2938 illa
837 2864 1086 2944 benivolentia,
1114 2890 1183 2955 qao
1210 2872 1272 2935 illa
1293 2877 1373 2957 erga
1401 2891 1457 2936 me
1486 2872 1646 2936 voluntas
1668 2870 1770 2936 haed-
1787 2869 2043 2942 immutentur,
2060 2874 2095 2932 et
2114 2884 2184 2949 quo

654 2984 840 3058 utilissimi
865 2985 1129 3062 consuetudine,
1146 2988 1364 3073 'monitisque
1385 2997 1421 3056 et
1445 2987 1614 3064 consiliis,
1648 2987 1783 3057 diutina
1799 2983 2008 3072 experientis
2023 3005 2183 3070 compro*

655 3100 763 3179 batis,
784 3099 888 3168 etiam
908 3112 1013 3187 atque
1033 3105 1138 3171 etiam
1158 3107 1229 3171 frui
1256 3108 1369 3175 liceat.
2020 3113 2024 3122 ’

701 3218 768 3289 Sed
786 3223 854 3301 Te,
878 3223 1053 3290 doctrinae
1074 3223 1166 3320 iamd
1185 3235 1221 3292 et
1243 3225 1364 3314 magni
1381 3225 1559 3314 diligentia
1571 3229 1743 3312 praeclare
1760 3248 1806 3293 cr
1826 3229 1962 3294 amsani
1987 3226 2035 3293 Te
2052 3227 2181 3294 iterum

658 3344 864 3426 compellare
889 3345 1032 3429 pietate·
1046 3343 1209 3417 adduces·
1247 3345 1321 3422 Tu,
1352 3366 1456 3430 quem
1479 3348 1870 3432 praeceptoremlmhni
1891 3347 2182 3416 dilectissimum·

659 3471 695 3526 et
708 3462 901 3528 nuncmihi
927 3463 992 3529 eris
1014 3462 1229 3546 carissimus,
1255 3473 1395 3550 propter
1423 3465 1670 3550 certissimam,
1689 3487 1776 3550 quae
1789 3465 1879 3533 inter
1898 3487 1962 3532 nos
1980 3462 2193 3538 intercedit,¹

660 3596 741 3642 cum
777 3578 990 3656 studiorum,
1021 3589 1098 3644 tum
1131 3559 1316 3646 munerum
1345 3583 1644 3650 necessitudinem.
1678 3581 1771 3660 aa,
1802 3583 1963 3650 scientiae
1991 3579 2118 3648 amoris
2146 3589 2182 3646 et

658 3694 844 3764 industriae
883 3697 1062 3782 exemplo,
1097 3717 1153 3762 me
1188 3697 1350 3778 incitare,
1390 3712 1430 3769 tu
1464 3700 1672 3768 monitorem
1701 3721 1772 3774 esse
1811 3707 1872 3767 eti
1887 3722 1966 3770 vero
2012 3698 2181 3773 amicum,

661 3819 881 3902 diupergas.
915 3813 1004 3880 Haec
1039 3824 1087 3886 ,ut
1121 3815 1209 3884 bene
1243 3821 1330 3885 mihi
1371 3832 1537 3889 eventura
1567 3819 1657 3898 sint,
1698 3819 1740 3886 ab
1780 3823 1901 3886 carisa
1924 3836 2011 3884 ‘rso'
2039 3814 2184 3900 benigm

661 3955 860 3998 concessum
887 3935 930 4000 iri
959 3933 1106 4000 videtur.
1144 3933 1296 4019 Namque
1330 3937 1395 4002 tibi
1426 3959 1542 4004 senem
1580 3947 1616 4004 te
1662 3959 1735 4004 esse
1768 3937 1916 4000 ielicam'
1943 3932 2183 4011 gratulamur·

580 4093 584 4100 ·
660 4047 715 4112 cui
753 4043 877 4111 mentis
907 4043 997 4106 uires
1032 4047 1292 4126 integerrimae,
1327 4050 1419 4110 idem
1449 4069 1488 4110 ac
1516 4057 1615 4112 antea
1645 4045 1786 4128 ingenii·
1802 4049 1966 4119 acumen,
1994 4043 2086 4112 idem
2112 4044 2185 4112 iere

663 4165 771 4249 vigor.
788 4157 858 4224 Hoc
882 4177 1061 4222 summum
1085 4156 1216 4222 bonum
1249 4157 1312 4223 tibi
1343 4171 1383 4226 ut
1408 4161 1575 4246 largiatur
1604 4161 1646 4224 ad
1680 4169 1870 4226 extremam
1897 4180 2004 4245 usque
2027 4171 2185 4229 senectu-

663 4292 750 4363 tem,
783 4279 897 4359 ithua
928 4285 962 4342 te
985 4277 1120 4348 salvum
1139 4297 1200 4360 per
1228 4279 1360 4346 multos
1390 4287 1503 4348 smaet
1535 4285 1661 4358 annos,
1697 4287 1786 4346 isar
1813 4299 1992 4366 ruins,
2022 4281 2183 4350 omnibus

662 4393 836 4481 precibus,
856 4394 1015 4460 ardenter
1033 4413 1104 4460 oro.
1788 4405 1791 4412 ’

690 4634 787 4706 diac:
799 4635 926 4708 minus·
941 4643 1079 4722 gratum
1103 4635 1192 4700 duco
1218 4634 1392 4714 cilicium,
1426 4644 1468 4702 at
1484 4634 1558 4705 Vos
1574 4641 1848 4725 compensares.
1863 4637 2185 4716 metanensem

665 4766 699 4834 et
730 4767 888 4850 vargum
916 4765 1057 4826 rervm.
1126 4753 1196 4832 vos
1227 4754 1319 4828 vidit
1346 4755 1383 4824 in
1406 4755 1581 4844 curriculo
1606 4759 1825 4842 academicae
1848 4759 1956 4827 laude
1988 4756 2184 4826 cumulatos
