4956 6246
987 717 1199 790 ORATIO.
1839 725 1882 791 29

443 905 686 1054 lcrl
738 935 852 1058 ET
910 933 1208 1056 GESTA
1278 931 1370 1054 IN
1436 931 1800 1058 stultu

507 1233 966 1325 ADDITAMENTUM
1008 1237 1042 1325 l.
1107 1233 1385 1323 ORATIONI
1435 1236 1731 1384 auctoris,

983 1835 995 1860 ‘
1028 1824 1070 1894 A.
1106 1827 1204 1892 1839.

351 2032 412 2100 Die
437 2033 478 2099 17
503 2032 645 2121 Aprilis.
691 2034 862 2122 Quoniam
882 2033 1060 2102 constabat
1078 2032 1241 2116 Magnum
1256 2028 1450 2113 Principem
1475 2029 1616 2097 Russiae
1632 2032 1687 2098 die
1706 2029 1883 2119 18Aprilis

600 2149 740 2216 Leidam
770 2174 840 2215 esse
860 2158 1071 2219 venturum,
1103 2150 1145 2214 dc
1173 2157 1329 2233 tempore
1361 2156 1396 2213 et
1426 2149 1502 2214 loco
1528 2149 1700 2214 salutandi
1719 2148 1883 2238 Principis

596 2266 825 2331 deliberatum
858 2277 920 2333 est.
969 2266 1035 2333 Res
1055 2265 1238 2333 commissa
1265 2263 1404 2331 Rectori
1435 2274 1470 2330 et
1491 2265 1694 2332 senioribus.
1744 2267 1885 2338 Faceret

605 2380 751 2464 Rector,
780 2387 873 2473 quod
893 2385 1094 2454 Academiae
1119 2385 1249 2452 bonum
1279 2396 1316 2453 et
1342 2387 1526 2454 honestum
1550 2383 1789 2453 arbitraretur.

350 2623 412 2692 Die
436 2617 479 2690 22
503 2622 645 2712 Aprilis.
689 2623 897 2693 Pro-Rector
916 2627 958 2692 sd
976 2623 1141 2692 Senatum
1168 2627 1315 2710 retulit,
1338 2645 1406 2710 quo
1429 2627 1552 2698 modo.
1577 2623 1717 2692 absente
1738 2623 1883 2694 Rectore

597 2742 777 2832 Magnifice
791 2787 800 2816 ,
815 2767 890 2812 rem
913 2745 949 2810 in
975 2766 1076 2812 causa
1087 2744 1221 2812 Russioi
1233 2744 1397 2834 Principis
1416 2746 1568 2832 gesserit.
1603 2744 1691 2811 Rem
1709 2746 1758 2811 ita
1770 2747 1882 2832 gessit.

545 3018 552 3030 ·
639 2981 702 3047 Die
746 2981 787 3047 18
824 2979 953 3070 Aprilis
991 2979 1202 3049 Pro-ilector
1237 2978 1391 3048 Seniores
1428 2981 1465 3046 in
1501 2978 1708 3049 Senaculum
1736 2983 1883 3052 vocarit.

597 3101 696 3167 Brevi
730 3111 960 3188 anteaquam
988 3101 1232 3167 institueretur
1263 3099 1488 3180 deliberatio,
1521 3101 1633 3167 factus
1664 3111 1716 3168 est
1735 3104 1881 3190 certior,

598 3218 795 3307 Principem
835 3221 1053 3290 constituisse
1098 3222 1213 3305 ipsum
1243 3217 1461 3288 Academiam
1485 3221 1606 3289 risere.
1673 3221 1777 3290 Venit
1803 3245 1884 3290 cum

596 3337 754 3425 Principe
774 3339 936 3407 Arausiae
958 3351 993 3408 et
1009 3340 1141 3406 illustri
1167 3339 1346 3407 comitatu.
1392 3340 1469 3406 Duo
1490 3363 1508 3406 e
1528 3338 1725 3410 Senioribus
1743 3346 1884 3412 eumad

597 3461 713 3528 valvas
725 3460 927 3526 Academiae
936 3462 1146 3540 salutantes,
1160 3459 1196 3522 in
1216 3457 1423 3525 Senaoulum
1438 3460 1674 3543 deduxerunt,
1690 3465 1751 3530 ubi
1763 3488 1884 3553 excep·

599 3585 655 3643 tus
668 3587 720 3646 est
739 3601 760 3644 a
778 3577 1034 3660 Pro-Rectene,
1060 3589 1269 3666 rogatusque
1291 3589 1331 3643 ut
1349 3579 1481 3645 sederet
1503 3581 1539 3645 in
1558 3584 1635 3648 sede
1654 3581 1828 3663 Rectoris,
1847 3593 1884 3651 et

596 3693 670 3780 ipse
689 3707 724 3762 et
741 3696 900 3781 Princeps
921 3695 1105 3774 Arausiae,
1121 3698 1179 3760 bic
1202 3697 1246 3761 ad
1268 3696 1442 3763 sinistram
1462 3699 1584 3787 Russi,
1606 3706 1777 3771 sederunt.
1801 3704 1885 3772 Pro-

594 3809 720 3879 Rector
746 3815 864 3879 sedens
881 3834 900 3878 e
919 3815 1079 3897 regione,
1110 3812 1308 3894 Principem
1329 3813 1450 3879 Latine
1474 3818 1523 3881 sic
1541 3822 1711 3889 allocutus
1732 3833 1801 3890 ests

642 4065 661 4109 <t
684 4041 883 4110 Murrum
906 4058 1041 4105 nrcomr
1060 4057 1145 4112 rrar,
1179 4037 1303 4126 Magne
1326 4040 1485 4129 Princeps
1503 4039 1661 4110 Russiaei

643 4278 896 4348 «Pro-Rector
926 4286 962 4343 et
988 4274 1132 4350 Senatus
1160 4278 1360 4348 Academiae
1387 4280 1558 4348 Leidensis
1590 4281 1638 4350 Te
1667 4285 1880 4374 salutamus,

597 4399 806 4486 «nobisque
834 4409 870 4466 et
900 4399 979 4464 Tibi
1009 4402 1225 4490 gratulamur
1254 4403 1295 4469 de
1325 4406 1475 4471 adventu
1496 4415 1565 4500 ⁴tuo
1589 4406 1625 4469 in
1643 4404 1880 4488 Academiam,

598 4517 724 4585 «olim
762 4520 954 4605 praesentia
991 4540 1141 4587 carsms
1175 4542 1266 4592 ems
1299 4511 1488 4604 ornatam,
1539 4532 1802 4618 multorumque
1840 4553 1881 4600 ex
2006 4601 2008 4609 ,

599 4657 618 4703 s
639 4635 762 4706 Russia
777 4640 951 4708 nobilium
975 4643 1172 4710 altricem.»

645 4846 803 4940 Princeps
829 4853 980 4922 humane
1004 4853 1184 4940 respondit
1213 4873 1372 4924 sermone
1399 4855 1583 4939 Francico,
1611 4869 1647 4929 et
1665 4860 1877 4950 aliquamdiu
