4956 6246
652 805 697 870 cs
949 771 1370 864 sossnrsrrrntnor
1395 789 1894 886 stromensem.

642 1022 717 1074 cere
747 1001 867 1068 ardens
895 999 961 1064 hoc
986 998 1159 1078 studium,
1190 1021 1300 1088 neque
1317 1022 1355 1068 ee
1381 1002 1425 1068 ab
1444 1002 1510 1068 hoc
1528 999 1695 1070 deterreri
1720 997 1893 1084 palinuri
1925 997 1960 1062 in
1978 1001 2167 1075 omuibus.¹

640 1143 726 1212 quae
744 1120 857 1185 adesse
875 1127 1040 1203 possunt,
1059 1120 1315 1205 quaestionibus
1333 1121 1383 1186 nil
1400 1120 1496 1187 aliud
1517 1144 1589 1188 esee
1617 1119 1826 1208 rogandum,
1852 1115 1919 1181 nisi
1939 1119 2024 1204 quid
2044 1141 2167 1190 rerum

604 1309 609 1318 ,
640 1244 705 1318 sit3
729 1238 870 1304 unicum
882 1239 947 1302 hoc'
959 1259 1053 1315 esse,
1075 1240 1118 1303 ad
1133 1241 1230 1326 cujus
1248 1239 1413 1306 amussim
1426 1239 1528 1306 onnia
1542 1248 1625 1306 suut
1642 1235 1896 1304 dimetiendaet
1914 1239 2165 1322 componenda;

640 1369 750 1444 neque
776 1377 982 1444 magnorum
1009 1357 1190 1424 numinum
1214 1335 1488 1424 ¹auctoritatibus
1528 1357 1742 1443 parendum,
1775 1369 1885 1436 neque
1906 1352 1950 1417 ab
1977 1353 2031 1418 his
2054 1353 2169 1423 illisve

640 1473 798 1564 pertibus
824 1474 1008 1550 standum,
1040 1497 1103 1542 nec
1132 1475 1226 1562 quod
1255 1474 1439 1561 antiquum
1462 1485 1524 1542 aut
1550 1495 1699 1551 novum,
1724 1473 1784 1538 sed
1812 1471 1912 1537 unice
1934 1475 2026 1557 quod
2045 1495 2165 1543 rerum

643 1601 695 1660 est
714 1590 927 1676 sequendum
942 1610 1027 1669 esse3
1046 1614 1087 1659 er
1106 1592 1286 1666 omnibus,
1302 1612 1390 1677 quae
1411 1593 1549 1660 allicere
1562 1594 1676 1660 solent
1698 1587 1878 1668 homines,
1899 1589 1949 1655 nil
1967 1591 2032 1656 nisi
2045 1611 2168 1660 rerum

644 1733 716 1778 esse
738 1713 983 1794 appetendum.
1029 1707 1085 1778 Sic
1101 1711 1192 1778 nulli
1217 1709 1268 1776 rei
1293 1697 1367 1774 nisi
1380 1730 1461 1777 vero
1487 1710 1646 1786 studere,
1672 1728 1743 1773 non
1771 1705 1838 1772 nisi
1857 1707 1950 1790 quod
1969 1725 2091 1774 rerum
2115 1718 2169 1774 est

644 1831 744 1907 duci,
770 1851 891 1896 rerum
918 1831 960 1894 ‘in
981 1828 1142 1897 omnibus
1165 1827 1210 1893 ob
1232 1829 1349 1891 oculos
1371 1826 1516 1903 hebere,
1543 1828 1776 1911 prehendere,
1801 1828 2011 1911 prehensum
2029 1839 2168 1922 tenere,

643 1947 890 2033 pronunciare,
911 1947 1001 2016 tueri
1017 1993 1026 2026 ,
1042 1959 1263 2033 promovere;
1288 1938 1394 2008 verbo
1415 1959 1526 2002 unum
1541 1943 1657 2006 hocin
1678 1941 1865 2026 Theologia
1883 1955 1962 2009 esse·
1972 1942 2167 2030 objectum,

646 2065 756 2150 quod,
793 2062 935 2131 intentis
966 2063 1118 2138 uiribus,
1156 2057 1353 2124 annitamur
1382 2073 1541 2137 semper,
1566 2063 1602 2120 et
1631 2071 1736 2138 aquo
1760 2059 1867 2120 nullis
1893 2061 2086 2126 rationibus
2107 2070 2169 2125 aut

646 2179 877 2247 invitamentis
894 2179 1017 2246 abduci
1039 2199 1100 2245 nos
1119 2175 1294 2262 patiamur
1308 2193 1482 2258 unquam;
1506 2172 1635 2238 hocest
1657 2170 1698 2239 A.
1715 2168 1776 2236 An
1807 2173 1874 2242 hoc
1897 2175 2061 2263 iuquam,
2079 2181 2172 2264 quod

646 2301 826 2375 volumus,
850 2295 911 2362 ubi
931 2296 1078 2364 dicimus
1098 2297 1140 2362 de
1171 2315 1253 2362 vero
1274 2294 1311 2359 in
1329 2291 1513 2380 Theologia
1533 2292 1634 2358 unice
1653 2293 1825 2361 sectando.

694 2535 765 2604 Hoc
787 2548 902 2608 eutem
920 2559 1058 2607 summo
1075 2541 1154 2625 jure
1171 2559 1191 2602 a
1211 2535 1309 2602 nobis
1328 2534 1479 2624 requiri,
1503 2536 1568 2602 hoc
1583 2537 1753 2622 postulari
1773 2537 1810 2602 in
1827 2535 2026 2626 Theologia,
2044 2541 2176 2626 quippe

648 2655 715 2738 ipsi
740 2655 937 2740 proprium,
967 2677 1028 2742 age
1056 2656 1171 2743 paucis
1200 2652 1430 2720 observemus.
1487 2649 1718 2722 Obserremus
1749 2647 1914 2743 iuquam:
1940 2659 2068 2725 etenim
2100 2667 2172 2726 tam

646 2773 828 2856 perspicua
845 2793 901 2840 res
913 2783 982 2850 est,
1002 2783 1131 2840 utnon
1155 2770 1223 2838 nisi
1239 2769 1347 2858 digitu
1366 2769 1466 2856 quasi
1487 2773 1673 2838 monstrari
1693 2773 1862 2864 indigeat,
1887 2787 1928 2844 ut
1951 2799 2069 2845 omnes
2099 2799 2173 2844 earn

649 2902 789 2958 cernant
810 2903 913 2974 atque
929 2892 1003 2958 'sibi
1032 2893 1069 2956 id
1096 2899 1297 2975 persuasum
1326 2887 1486 2954 habeant.
1533 2889 1651 2956 Paucis
1676 2891 1774 2972 dieo,
1808 2917 1888 2962 nam
1912 2907 1965 2964 tot
1985 2899 2177 2965 rationibus

650 3007 790 3092 probari
810 3027 865 3072 ree
885 3016 1019 3091 potest,
1046 3017 1088 3074 ut
1111 3007 1182 3072 dies
1211 3004 1348 3072 deficiat
1378 3015 1415 3072 et
1441 3026 1531 3090 vox,
1561 3017 1670 3094 utque
1696 3023 1829 3106 restra,
1857 3003 1925 3102 qua
1953 3037 2009 3082 me
2036 3018 2177 3093 auditis,

652 3123 817 3208 patientia
834 3122 931 3190 abuti
950 3125 1076 3192 merito
1092 3124 1224 3200 ridear,
1246 3124 1276 3189 ei
1301 3127 1356 3192 vel
1375 3125 1539 3191 extremis
1561 3127 1676 3214 digitis
1703 3149 1821 3202 omnes
1843 3138 2010 3226 attingere
2029 3141 2144 3207 velim·

662 3279 665 3288 ·
696 3241 809 3325 Atque
841 3240 898 3306 hio
916 3243 1073 3327 primum
1094 3240 1192 3308 nobis
1210 3239 1361 3308 cucurrit
1383 3240 1501 3326 ipsum
1531 3243 1734 3336 Theologias
1761 3269 2017 3342 argumentum.
2062 3256 2178 3347 Quum

652 3361 746 3428 enim
776 3379 877 3426 nemo
910 3358 1039 3426 inficias
1055 3360 1182 3437 iverit,
1204 3379 1273 3442 quo
1291 3358 1511 3427 sublimiores
1535 3371 1570 3429 et
1596 3367 1766 3452 graviores
1790 3394 1853 3440 sua
1874 3387 2000 3444 natura
2017 3399 2071 3444 res
2090 3378 2175 3454 sint,

655 3480 696 3544 de
723 3476 848 3560 quibus
873 3477 1006 3564 agitur,
1034 3499 1104 3577 quo
1126 3477 1309 3546 arctiorem
1330 3477 1480 3547 habeant
1500 3501 1582 3548 cum
1602 3505 1682 3552 rere
1701 3489 1852 3562 hominis
1871 3497 1942 3565 vita
1963 3509 1998 3565 et
2014 3497 2178 3585 dignitate

654 3593 846 3670 rationem,
877 3615 916 3659 eo
944 3595 1053 3683 magis
1079 3598 1267 3664 carendum
1293 3617 1388 3676 esse,
1413 3617 1457 3663 ne
1483 3597 1575 3664 inani
1601 3602 1714 3687 specie
1740 3609 1976 3697 decipiamur,
2005 3637 2044 3683 eo
2073 3615 2181 3702 magis

655 3714 877 3794 enitendum,
907 3725 948 3782 ut
978 3737 1033 3783 eas
1061 3737 1303 3805 cognoscamus
1328 3716 1447 3800 prouti
1470 3727 1576 3797 sunt,
1598 3741 1639 3788 eo
1659 3727 1768 3814 magis
1789 3731 1872 3798 adeo
1891 3732 1927 3798 in
1948 3733 2041 3800 hisce
2063 3753 2183 3800 rerum

654 3834 753 3900 unice
772 3853 845 3898 esse
865 3835 1096 3911 sectandum,
1114 3834 1212 3902 lacile
1232 3843 1397 3917 apparet,
1414 3835 1584 3918 siquidem
1603 3843 1676 3907 ulla
1700 3845 1737 3909 in
1755 3861 1812 3924 re,
1831 3848 1868 3914 in
1891 3848 2076 3932 Theologia
2090 3870 2186 3930 prae·

657 3951 778 4034 primis
804 3954 870 4014 hoc
891 3953 1031 4034 requiri.
1064 3951 1160 4019 Anne
1179 3971 1260 4018 raro
1277 3951 1462 4019 sublimius
1480 3954 1564 4039 quid
1581 3965 1618 4022 et
1636 3961 1773 4043 gravius
1791 3961 1933 4044 cogitari
1949 3971 2065 4044 potest
2080 3985 2186 4049 quam

658 4065 860 4152 Theologiae
888 4068 1159 4152 argumentum?
1186 4067 1266 4154 Agit
1290 4089 1392 4152 nam,
1419 4071 1473 4136 uti
1492 4073 1608 4156 ipsum
1628 4075 1701 4160 ejus
1720 4091 1848 4144 nomeu
1868 4075 2018 4156 indicat,
2038 4079 2080 4145 de
2095 4079 2185 4158 Deo,

658 4194 783 4258 natura
801 4184 862 4250 illa
876 4205 980 4270 supra
997 4185 1131 4256 omnia.
1147 4193 1335 4268 quaesunt
1355 4197 1490 4272 praeter
1511 4187 1651 4274 Ipsum,
1670 4199 1807 4256 erecta.¹
1832 4191 1897 4260 llle
1919 4205 1972 4260 est
1990 4201 2004 4267 i
2021 4207 2106 4270 ztir.
2127 4199 2190 4284 qui·

660 4287 739 4376 rere
762 4313 831 4382 eet3
861 4301 1088 4374 immutabilis
1117 4303 1201 4381 Ille,
1231 4303 1357 4388 quippe
1385 4319 1523 4372 summe
1551 4307 1740 4390 perfectum
1775 4303 1844 4378 llle¹
1868 4324 1922 4380 est
1950 4313 2023 4400 ipsa
2049 4316 2185 4384 veritae.

524 4463 533 4482 .
660 4421 778 4504 Nonne
803 4421 909 4508 igitur
931 4431 1055 4488 natu'ra
1079 4443 1142 4488 sua
1161 4442 1202 4488 ea
1228 4419 1388 4499 selemia,
1412 4443 1499 4507 quae
1524 4425 1566 4489 ad
1590 4422 1689 4490 Hunc
1704 4429 1851 4494 relatam
1870 4451 1906 4497 se
1925 4433 2128 4517 profitetur,
2147 4435 2190 4500 ad

662 4561 784 4607 rerum
803 4539 902 4606 unice
917 4539 1166 4611 refertur?‚1)e
1189 4537 1260 4605 Hoc
1279 4537 1416 4624 indigne
1436 4542 1604 4627 cogitare,
1624 4543 1684 4627 qui
1703 4545 1747 4610 ab
1767 4548 1928 4616 omnibus
1948 4561 2000 4617 est
2016 4552 2189 4617 celebran-

663 4661 748 4734 dus,
778 4659 862 4743 quid
891 4659 1022 4728 loedius
1047 4680 1119 4726 esse
1146 4665 1281 4744 potest;
1307 4655 1445 4744 indigne
1468 4669 1585 4726 autem
1604 4663 1791 4750 cogitatur,
1811 4666 1877 4732 uisi
1894 4687 1984 4734 vere.
2014 4667 2055 4732 In
2075 4667 2190 4754 Hujus

664 4783 826 4846 naturam
859 4775 1030 4860 inquirere
1068 4785 1104 4844 et
1141 4773 1236 4852 aliud
1273 4773 1463 4864 quidquam
1491 4788 1627 4865 praeter
1647 4801 1772 4848 ¹rerum
1804 4785 1946 4862 sectari,
1975 4786 2010 4852 id
2037 4785 2188 4871 impium

664 4911 806 4975 prorsus
833 4903 884 4962 eet
913 4905 949 4964 et
974 4897 1171 4990 profanum.
1201 4891 1295 4983 Quae
1320 4897 1401 4968 adeo
1422 4897 1579 4970 inanibus
1597 4901 1775 4988 speciebus
1795 4905 2004 4985 delectatur,
2023 4907 2190 4978 scientis.
