4918 6254
634 714 693 778 80·
910 703 1088 774 JOANNIS
1116 703 1333 772 thunufflcl
1368 704 1453 774 VAN
1486 705 1646 784 OOllDT,
1676 706 1707 773 J.
1742 708 1780 773 G.
1815 705 1893 774 FlL.

682 913 806 980 Coram
834 905 952 987 vobis,
991 905 1095 994 huius
1127 905 1331 976 Academiae
1358 907 1542 977 Curatores
1569 905 1836 992 spectatissimi!
1879 919 2032 978 mentem
2059 935 2171 980 meam

636 1030 764 1116 aperui.
809 1022 948 1111 Quanto
974 1025 1103 1090 honore
1124 1024 1159 1088 id
1183 1026 1326 1102 ducam,
1352 1028 1445 1115 quod
1466 1025 1557 1099 Vos,
1582 1024 1657 1091 Viri
1685 1026 1727 1092 de
1746 1025 1923 1109 republica
1950 1035 1985 1092 et
2001 1027 2042 1094 de
2061 1029 2171 1096 literis

637 1161 707 1212 tam
737 1142 986 1218 benemeriti,
1013 1161 1069 1207 me
1098 1142 1240 1228 dignum
1279 1144 1500 1220 censueritis,
1536 1142 1595 1227 qui
1624 1144 1661 1206 in
1699 1146 1762 1208 hac
1797 1141 1912 1225 prima
1940 1152 1975 1208 et
2009 1144 2172 1226 primaria

637 1265 765 1330 Patriae
807 1263 1030 1328 universitate
1073 1260 1276 1347 Theologiae
1313 1262 1479 1326 docendae
1517 1261 1747 1344 provinciam,
1798 1259 2027 1343 susciperem,
2067 1272 2171 1344 atque

638 1382 833 1447 accederem
856 1381 989 1466 magnis
1014 1377 1084 1442 illis
1114 1379 1328 1460 nominibus,
1361 1401 1447 1465 quae
1475 1377 1558 1444 olim
1583 1381 1671 1444 banc
1699 1377 1881 1444 literarum
1910 1379 2026 1444 sedem
2046 1381 2174 1446 conde·

646 1510 827 1580 corarunt,
857 1519 1013 1583 quaeque
1042 1498 1184 1563 eandem
1207 1507 1243 1566 et
1274 1520 1367 1564 nunc
1396 1509 1539 1575 ornant,
1569 1498 1761 1583 exprimere
1783 1495 1838 1562 vix
1858 1497 1970 1576 raleo;
2004 1507 2173 1579 quantum

638 1625 718 1684 vero
747 1625 891 1700 potero,
934 1615 970 1678 id
1010 1613 1139 1691 enitar,
1178 1625 1218 1680 nt
1252 1637 1320 1682 non
1353 1637 1494 1700 prorsus
1534 1616 1654 1681 fallam
1687 1623 1837 1680 vestram
1868 1614 1910 1678 de
1933 1636 1990 1680 me
2018 1615 2173 1700 meisque

640 1735 762 1801 studiis
791 1731 1011 1800 sententiam.
1058 1729 1133 1797 Non
1152 1733 1179 1797 is
1201 1754 1301 1808 sum,
1325 1735 1385 1819 qui
1407 1735 1572 1801 facultate
1590 1744 1624 1799 et
1644 1734 1820 1802 doctrinas
1840 1735 1937 1818 copia
1957 1755 2038 1801 cum
2052 1735 2174 1802 multis
2241 1783 2245 1790 .

642 1855 842 1920 contendere
866 1850 998 1924 ausim,
1029 1857 1071 1913 ‘ot
1090 1849 1217 1913 abhoc
1238 1859 1337 1932 parte
1357 1853 1556 1918 cathedram
1577 1849 1680 1916 nimis
1701 1851 1760 1918 diu
1781 1862 1958 1918 vacantem
1978 1852 2175 1939 dignissime

643 1983 863 2058 occupatam,
899 1978 960 2034 aut
998 1965 1237 2034 Clarissimum
1281 1985 1463 2041 sorssors,
1502 1966 1615 2030 virum
1652 1987 1791 2034 summa
1817 1971 2008 2037 eruditione
2039 1969 2074 2032 in
2101 1970 2174 2053 pari

645 2090 810 2156 modestia
832 2085 1075 2168 conspicuum,
1099 2083 1231 2167 optime
1261 2093 1443 2166 exceptum
1467 2081 1639 2168 judicetis.
1686 2077 1784 2164 Quod
1814 2103 1892 2148 vero
1911 2086 2117 2166 praedicavi,
2140 2087 2175 2148 in

645 2202 829 2290 Theologia
851 2221 973 2268 verum
995 2198 1094 2265 unice
1114 2203 1421 2279 essesectandum,
1444 2202 1511 2266 hoc
1534 2201 1603 2264 alte
1632 2197 1778 2262 infixum
1803 2199 1933 2282 pectori
1958 2200 2088 2285 habeo,
2113 2204 2176 2269 hoc

645 2326 707 2392 Dei
738 2326 848 2390 fretus
879 2320 1006 2386 auxilio
1040 2338 1162 2403 sequar
1194 2319 1286 2403 ipse,
1322 2322 1390 2384 huc
1417 2324 1558 2407 juvenes
1582 2317 1783 2405 Theologiae
1802 2317 1971 2385 studiosos
1992 2319 2175 2388 informare

646 2446 765 2532 gestio.
812 2441 992 2509 Caeterum
1022 2437 1050 2502 si
1081 2457 1149 2521 qna
1181 2447 1233 2503 est
1259 2439 1294 2502 in
1326 2459 1383 2506 me
1415 2440 1581 2514 facultas,
1614 2439 1701 2501 hanc
1735 2433 1871 2502 muneri
1898 2455 1974 2502 meo
2010 2441 2175 2525 gerendo,

642 2561 825 2656 juvenibus
858 2559 901 2623 ad
927 2553 1177 2623 sanctissimam
1210 2555 1422 2638 provinciam
1449 2554 1694 2630 instituendis,
1722 2554 1825 2641 huius
1853 2551 2053 2621 Academiae
2070 2559 2173 2622 saluti

647 2679 897 2764 promovendae
932 2675 1053 2742 sedulo
1087 2674 1299 2758 impendam.
1342 2670 1399 2739 Sic
1427 2696 1482 2741 me
1510 2677 1588 2741 volo
1618 2673 1716 2739 vobis
1753 2675 2053 2751 commendatum,
2089 2696 2173 2758 quos

649 2808 724 2864 toto
747 2799 863 2864 animo
886 2795 957 2862 Deo
995 2797 1208 2864 conservanti
1240 2798 1422 2881 omniaque
1464 2796 1553 2863 bona
1580 2792 1742 2882 largienti
1775 2793 1848 2878 ipse
1884 2795 2103 2869 commendo,
2132 2803 2173 2860 ut

647 2918 768 2988 vestris
799 2917 978 3004 auspiciis,
1002 2917 1147 2984 floreant
1168 2937 1222 2982 res
1253 2923 1401 2984 nostrae.

692 3034 809 3121 Quum
841 3037 967 3102 advos
1000 3056 1057 3100 mc
1096 3046 1316 3111 convertam,
1347 3035 1421 3104 Viri
1456 3038 1680 3106 Celeberrimi
1717 3034 1876 3124 Collegae
1908 3032 2172 3118 exoptatissimi!

649 3156 740 3221 haud
757 3173 881 3238 parum
907 3153 1088 3220 turbatum
1119 3176 1175 3221 me
1197 3157 1319 3224 sentio.
1364 3155 1480 3225 Movet
1505 3179 1561 3224 me
1585 3167 1700 3224 vestra
1720 3156 1813 3221 fama
1831 3152 1964 3220 meritis
1988 3150 2172 3236 acquisita.

649 3298 711 3340 nec
734 3275 849 3340 minus
871 3273 1049 3340 tenuitatis
1071 3294 1168 3340 meas
1193 3276 1421 3353 conscicntia,
1448 3287 1489 3343 ut
1510 3277 1722 3344 verecundus
1754 3274 1836 3339 adeo
1855 3273 1898 3337 ad
1914 3280 2069 3337 vestrum
2086 3269 2175 3335 ordi·

649 3413 729 3458 nem
747 3393 917 3458 accedam.
964 3387 1029 3456 Sed
1052 3393 1216 3458 accedunt
1234 3395 1302 3458 huc
1324 3395 1411 3478 alia,
1443 3412 1529 3479 quae
1549 3415 1641 3460 ame
1663 3391 1868 3466 memorari,
1897 3410 1960 3473 pro
1981 3397 2173 3471 vestraque

648 3511 728 3578 estis
759 3511 973 3576 humanitate
1003 3509 1203 3596 ignoscatis,
1239 3531 1376 3596 quaeso.
1423 3510 1530 3576 Tenet
1563 3533 1618 3576 me
1654 3509 1895 3596 Collegarum.
1927 3525 2011 3590 quos
2049 3504 2173 3570 habere

649 3626 735 3692 mihi
755 3627 790 3690 in
808 3626 989 3692 Academia
1009 3623 1229 3713 Groaingana
1246 3627 1413 3715 contigit,
1440 3625 1659 3692 desiderium.
1705 3623 1813 3692 Hosce
1837 3625 1929 3693 enim
1952 3625 2040 3690 inter
2062 3633 2098 3688 et
2118 3643 2174 3686 me
2227 3673 2232 3678 .

648 3756 720 3812 tam
742 3755 838 3810 areta
852 3741 1087 3809 intercedebat
1105 3745 1338 3822 necessitudo,
1365 3753 1407 3809 ut
1433 3763 1555 3809 eorum
1582 3743 1752 3810 consortio
1778 3745 1906 3831 privari
1934 3741 2173 3831 gravissimum

648 3873 761 3942 esset,
779 3861 872 3945 quod
894 3861 934 3925 in
951 3858 1139 3925 honorifica
1154 3861 1197 3924 ad
1213 3861 1301 3924 hanc
1315 3857 1536 3924 Academiam
1555 3858 1730 3926 vocatione
1748 3861 1997 3946 conspicerem,
2017 3829 2176 3942 quodque

650 3983 692 4046 ab
715 3983 778 4041 hac
802 3979 972 4059 sequenda
999 3999 1055 4041 me
1080 3977 1153 4042 fers
1180 3976 1416 4042 deterruisset.
1463 3973 1604 4060 ltaque,
1639 3997 1719 4041 nam
1747 3979 1846 4043 fateri
1873 3975 1968 4041 baud
1988 3971 2174 4050 erubesco,

651 4121 731 4166 cum
753 4095 960 4180 Groningam
974 4093 1222 4174 relinquerem,
1246 4083 1500 4174 lachrymantes
1524 4091 1594 4158 fere
1617 4091 1847 4174 ,discessimus-
1890 4089 1939 4158 Ne
1961 4111 2060 4178 aegre
2092 4090 2174 4156 adeo

652 4213 790 4289 feratis,
813 4217 929 4276 restro
953 4207 1116 4291 adspectu
1138 4206 1264 4272 horam
1283 4205 1320 4271 in
1338 4229 1395 4274 me
1415 4209 1574 4278 suscitari
1596 4209 1877 4277 recordationem.
1923 4207 1989 4277 Sed
2008 4209 2099 4276 idem
2115 4209 2176 4274 ille

652 4333 833 4414 adspectus
861 4323 1019 4395 sublevat
1036 4325 1192 4390 animum
1222 4346 1339 4393 meum
1367 4348 1408 4394 ac
1436 4328 1507 4396 fere
1539 4329 1722 4407 exhilarat3
1759 4331 1878 4397 vultus
1908 4329 2002 4396 enim
2040 4327 2175 4396 intueor

653 4447 803 4512 infensos
833 4445 973 4514 nultos.
1011 4442 1143 4529 ignotos
1190 4443 1429 4528 paucissimos,
1471 4445 1558 4510 mihi
1596 4446 1750 4530 faventes
1797 4452 2009 4535 complures,
2049 4449 2175 4516 amicos
2225 4445 2228 4451 ’

652 4565 805 4640 multos,
828 4559 898 4626 imo
933 4577 1014 4627 vero
1040 4562 1248 4637 nonnullos,
1277 4560 1483 4645 quibuscum
1510 4584 1530 4628 a
1555 4565 1737 4652 juventute
1766 4569 1846 4636 inde
1868 4569 2064 4638 studiorum
2089 4566 2175 4632 milri

653 4681 724 4746 fuit
739 4689 776 4748 st
793 4679 988 4746 ammarum
1018 4675 1305 4758 societas,-nnnc
1330 4687 1370 4746 ut
1395 4701 1495 4766 spero
1521 4682 1713 4750 renovanda
1732 4687 1936 4772 tuendaque.
1980 4681 2050 4752 Vos
2068 4681 2175 4768 igitur

652 4819 771 4874 eorum
795 4797 882 4880 mihi
905 4800 982 4868 loco
1010 4795 1106 4874 sitis,
1140 4815 1224 4882 quos
1247 4807 1399 4882 moestus
1433 4799 1569 4886 reliqui.
1614 4797 1684 4870 Vos
1707 4819 1847 4882 omum.
1870 4799 1945 4894 Viri
1966 4797 2174 4880 Clarissimi!
