4956 6246
829 806 832 816 ·
951 722 1231 842 cantic.
1823 781 1864 843 ιι

328 983 564 1059 inveniamus,
597 977 722 1066 scqaid
748 976 846 1046 nobis
870 987 1050 1064 superest,
1085 995 1191 1063 (ιιιιιι
1220 987 1262 1043 nt
1281 995 1323 1045 ec
1349 983 1585 1052 avertamur,
1609 975 1702 1041 unde
1719 977 1861 1066 digami

332 1125 452 1174 sumus
476 1079 580 1188 atque
608 1101 650 1167 ad
675 1097 851 1167 Socratem
881 1101 1020 1184 eiusque
1044 1099 1300 1183 philosophiam
1323 1105 1359 1164 et
1383 1115 1525 1183 parram
1552 1096 1690 1166 emendi
1709 1097 1863 1186 discipli-

332 1249 411 1294 nam
434 1226 622 1291 redeamus.

380 1371 397 1412 (ι
423 1343 551 1410 Tantus
591 1351 643 1409 est
670 1339 807 1405 innatus
848 1337 884 1402 in
919 1337 1017 1404 nobis
1046 1335 1248 1425 cognitionis
1279 1355 1376 1402 amor
1409 1345 1445 1402 et
1478 1336 1655 1420 scientiae,
1693 1345 1734 1402 nt
1761 1358 1862 1404 nemo

332 1461 489 1530 dubitare
504 1459 611 1545 possit
623 1457 733 1544 ,quin
745 1457 788 1522 ad
804 1475 861 1522 eas
878 1477 932 1524 res
951 1457 1132 1523 hominnm
1153 1463 1297 1533 natura,
1322 1459 1421 1522 nollo
1442 1461 1678 1526 emolumento
1696 1456 1859 1535 inritata,

330 1581 486 1668 rapiatur
515 1579 714 1645 videmusne
743 1584 784 1641 ut
812 1575 912 1660 pueri
946 1599 988 1643 ne
1016 1575 1217 1644 uerberibus
1246 1575 1385 1660 quidem
1417 1597 1437 1642 a
1464 1575 1735 1661 contemplandis
1759 1574 1862 1640 rebus

329 1699 635 1786 perquirendisque
655 1697 923 1766 deterreantur?
945 1697 994 1767 Ut
1012 1697 1105 1782 pulsi
1119 1697 1299 1783 requirant
1318 1705 1353 1762 et
1368 1697 1498 1782 aliquid
1509 1695 1599 1763 scire
1615 1715 1651 1763 sc
1669 1691 1862 1783 gaudeant?

332 1817 381 1887 Ut
412 1819 487 1884 aliis
520 1836 658 1885 aurare
689 1815 862 1906 gestiant?
904 1815 952 1885 Ut
992 1835 1143 1903 pompa,
1181 1816 1272 1881 ludis
1306 1823 1411 1898 atque
1455 1816 1623 1902 ejusmodi
1660 1810 1861 1900 spectaculis

331 1944 513 2003 teneantur
524 1937 568 2002 ob
585 1952 812 2022 eamqucrem
831 1937 886 2004 rel
903 1937 1032 2001 famem
1046 1945 1081 1999 et
1096 1933 1192 1997 sitim
1211 1931 1416 2014 perierant?
1438 1931 1530 2016 Quid
1541 1933 1691 2015 veroqni
1706 1929 1861 2018 ingeram

329 2058 451 2124 studiis
480 2069 582 2144 atque
607 2053 740 2125 artibus
770 2063 1005 2126 delectantur,
1038 2069 1150 2115 nonne
1183 2048 1338 2111 ridemus
1368 2064 1423 2110 eos
1452 2059 1513 2106 nec
1541 2047 1769 2119 valetudinis,
1799 2067 1862 2114 nee

330 2175 380 2238 rei
410 2157 591 2239 familiaris
611 2165 736 2234 habere
761 2170 933 2230 sationem
957 2163 1139 2248 omniaque
1165 2161 1320 2249 perpeti,
1354 2161 1429 2246 ipsa
1452 2161 1644 2249 cognitione
1663 2173 1701 2229 et
1721 2161 1864 2234 mentia

331 2300 448 2372 captos
485 2297 521 2350 et
561 2304 641 2348 cum
675 2279 833 2346 maximis
870 2279 960 2347 curis
991 2291 1025 2348 et
1066 2279 1242 2349 laboribus
1282 2297 1504 2365 compensare
1546 2299 1643 2358 eum,
1676 2301 1781 2366 quam
1819 2303 1862 2350 cx

331 2402 492 2468 discendo
517 2399 676 2485 capiunt,
700 2399 975 2485 voluptatem»

373 2519 462 2588 Haeo
490 2523 663 2604 praeclara
694 2519 802 2584 Tullii
841 2519 944 2586 verba
973 2519 1071 2586 nobis
1104 2531 1228 2588 natura
1267 2521 1375 2586 inesse
1409 2517 1612 2604 cognitionis
1638 2539 1791 2586 amorem
1825 2533 1862 2587 et

328 2640 489 2708 scientiae
515 2649 702 2707 testantur:
731 2641 833 2724 idque
851 2659 970 2705 revera
996 2639 1030 2702 ιιι
1057 2640 1172 2723 pueris
1202 2637 1526 2714 animadvertimus,
1549 2635 1583 2702 in
1610 2637 1735 2723 quibus
1761 2649 1802 2705 ut
1823 2640 1859 2703 in

329 2760 468 2842 speculo
489 2767 613 2824 natura
635 2733 803 2825 cerniturss
845 2756 933 2823 Bene
954 2757 1062 2844 igitur
1076 2757 1266 2824 nobiscum·
1285 2769 1403 2826 aetum
1420 2765 1493 2833 est,
1523 2758 1618 2841 quod
1633 2758 1858 2824 institutionis

330 2875 519 2941 habeamus
548 2875 682 2941 fontem
700 2895 739 2941 ac
764 2874 973 2960 principium
995 2876 1032 2938 ιιι
1051 2875 1165 2943 ιιιιιιιο
1183 2877 1257 2961 ipso
1282 2877 1444 2960 positum.
1491 2873 1556 2939 Sed
1581 2875 1692 2959 qualis
1719 2877 1858 2941 tandem

331 2989 378 3056 sit
400 2991 589 3077 tueamur,
615 2993 768 3057 nondum
783 2993 890 3078 probe
913 3004 1068 3060 tenemus
1087 2993 1271 3080 puerisque
1289 3015 1333 3058 an
1352 2991 1432 3057 boni
1453 2999 1592 3067 anoton
1621 3011 1665 3055 nn
1685 2991 1770 3055 mali
1786 2993 1857 3074 sit,

331 3109 551 3178 haesitamus.
597 3107 720 3176 Nostra
738 3131 818 3179 uero
837 3111 982 3196 plurimi
1002 3111 1170 3193 interest,
1192 3112 1350 3179 nermba
1372 3109 1472 3174 nohis
1491 3109 1576 3178 dare
1591 3109 1764 3194 patiamur
1776 3131 1859 3180 neec

331 3229 466 3298 luideae
482 3245 643 3298 conversa
659 3242 790 3308 mente,
809 3229 965 3298 homines
983 3231 1081 3299 nobis
1092 3231 1261 3319 fingamus
1275 3233 1411 3316 ,quales
1422 3249 1487 3296 nso
1501 3237 1606 3305 sunt,
1615 3247 1685 3296 nec
1697 3229 1854 3295 meunt.

375 3347 497 3437 ltaque
518 3373 644 3436 pueros
666 3373 747 3418 sans
776 3352 977 3439 cognitionis
1003 3371 1119 3418 amore
1137 3359 1174 3418 et
1200 3351 1360 3418 amentiae
1379 3349 1460 3415 duci
1473 3346 1652 3426 ridemus,
1674 3347 1859 3416 s-edcarea·

328 3487 425 3552 mus,
444 3489 489 3536 ne
510 3467 614 3536 nimis
637 3467 816 3558 magnifiee
837 3469 879 3538 de
900 3471 967 3538 hoc
987 3493 1102 3538 unere
1116 3471 1316 3538 sentiamus.

373 3585 591 3654 Curiositatis
613 3589 678 3654 hoe
701 3587 808 3675 magis
829 3599 882 3656 est
903 3598 938 3655 et
972 3609 1089 3656 rerum
1113 3609 1281 3656 novarum
1309 3585 1489 3665 ιιιιιιιιιιιι,
1517 3603 1628 3670 quum
1645 3583 1806 3651 amantiae
1822 3593 1859 3650 et

330 3705 541 3788 cognitionis.
583 3707 790 3794 Quaeritant
812 3711 971 3794 quidem,
994 3731 1057 3777 nec
1081 3709 1314 3797 interrogandi
1340 3706 1591 3793 quaerendique
1614 3705 1692 3770 finis
1708 3714 1781 3784 est,
1798 3703 1857 3770 sed

326 3835 464 3898 semper
482 3824 564 3886 noti
586 3825 688 3906 quid,
710 3828 752 3891 ab
776 3849 845 3893 una
857 3848 894 3892 re
918 3827 1165 3893 transsilientes
1177 3830 1221 3894 ad
1236 3831 1382 3892 alteram
1394 3837 1429 3891 et
1447 3823 1563 3908 siquid
1582 3826 1652 3889 sire
1665 3821 1854 3899 audiendo,

324 3951 385 3997 sen
403 3932 543 4018 legendo
554 3937 758 4005 ᾱιᾱιιεήηι.
778 3961 885 4015 quam
894 3943 986 4004 elato
999 3947 1080 4002 sunt
1095 3935 1237 4014 animo,
1262 3957 1367 4020 qnam
1380 3940 1609 4022 superbiunt.
1627 3959 1732 4017 quam
1751 3959 1858 4021 snpra

325 4051 455 4117 aliosse
476 4052 623 4117 efferunt
652 4069 776 4134 eosque
796 4047 1009 4135 despiciunt,
1034 4059 1076 4116 ιιι
1103 4051 1341 4139 pudentianus
1371 4049 1474 4118 huius
1498 4051 1701 4137 praesentim
1728 4059 1849 4124 aetatis

325 4187 531 4252 eorumque,
570 4165 630 4251 qni
659 4177 770 4235 aetate
799 4167 881 4235 licet
909 4167 1124 4249 adultiores,
1161 4169 1296 4258 ingenio
1326 4179 1444 4240 tamen
1477 4183 1511 4240 et
1542 4173 1698 4241 moribus
1731 4196 1853 4260 pueros

326 4287 500 4364 referunt,
536 4307 612 4353 esse
636 4286 806 4354 rideatur.
853 4285 918 4354 Cui
944 4309 1131 4375 puerorum
1164 4311 1282 4358 reeens
1315 4313 1358 4358 ex
1395 4268 1582 4378 Gymnosio
1611 4293 1855 4378 prodeuntium

324 4399 541 4489 pedentim
581 4405 711 4471 mederi
752 4407 941 4475 academiae
997 4409 1086 4476 eires
1123 4421 1292 4478 conantur
1328 4413 1540 4480 novitiorum
1576 4414 1855 4482 commilitonum

324 4519 541 4602 initiatione,
573 4523 614 4591 de
637 4545 726 4610 qua,
752 4527 806 4594 nti
834 4528 877 4594 de
905 4527 1016 4595 aliis
1002 4529 1181 4618 Juniornm
1215 4531 1430 4599 medicorum
1462 4533 1643 4612 remediis,
1670 4579 1680 4613 ,
1703 4553 1759 4615 ec,
1788 4551 1856 4620 qno

322 4639 462 4709 solebat
505 4645 608 4712 modo
639 4645 862 4728 adhibitum,
903 4647 1008 4716 dubia
1035 4671 1092 4754 res
1125 4661 1197 4729 est,
1228 4659 1350 4718 uuum
1388 4652 1505 4800 mua,
1542 4652 1599 4720 cui
1629 4653 1856 4743 oppugnando

329 4758 587 4843 destinabatur,
612 4765 739 4832 mitius
753 4767 829 4848 ιιι,
863 4791 906 4836 an
931 4774 1041 4860 pejus.
1146 4775 1149 4805 ²
1468 4793 1471 4802 ‹

325 4877 466 4966 Quid
500 4881 606 4968 igitur
633 4881 811 4974 qualisque
839 4885 890 4955 sit
916 4885 980 4955 ille
1016 4911 1036 4960 ι
1063 4887 1183 4959 Tullio
1213 4879 1447 4958 ιιιιιιιιιιιι
1431 4909 1626 4974 ,puerorum
1652 4885 1853 4975 cognitionis
