4956 6246
659 675 702 774 ze
927 695 1190 767 coenatu
1224 691 1396 764 naurs
1427 691 1536 766 uhu
1566 693 1665 762 oua
1698 695 1921 768 uosvuu

702 907 821 974 Talem
838 903 944 969 animi
968 901 1130 971 habitum
1158 912 1200 968 ut
1227 903 1265 966 in
1299 899 1433 988 maguis
1458 899 1532 968 illis
1556 903 1638 970 viris
1665 902 1895 988 suspicimus,
1921 902 1971 968 ita
1993 911 2185 986 quoerant

655 1031 726 1092 veri
752 1043 885 1099 amore,
913 1032 1034 1107 aperte
1057 1021 1268 1108 significare,
1296 1039 1485 1087 censemus.

701 1141 856 1210 Necdum
875 1149 992 1208 tamen
1005 1161 1124 1206 oerum
1141 1139 1252 1216 illud,
1274 1139 1417 1206 ubinam
1434 1139 1666 1227 reperiamus,
1687 1142 1916 1230 intelligimus
1939 1150 1975 1207 et
1993 1161 2062 1226 quo
2077 1143 2186 1228 magis

651 1240 890 1348 perquiramus
920 1272 1026 1348 atque
1043 1259 1311 1348 investigemus,
1342 1281 1382 1327 ec
1399 1261 1507 1348 magis
1534 1264 1697 1350 aufugere
1720 1252 1757 1328 et
1778 1262 1837 1328 abs
1855 1271 1972 1328 mente
1991 1270 2028 1328 et
2053 1263 2186 1348 cogita-

652 1384 745 1450 tione
760 1393 879 1450 nostra
894 1385 1053 1451 recedere
1069 1383 1186 1467 ipsum
1199 1381 1350 1451 videtur.
1395 1379 1482 1446 Nam
1498 1382 1526 1448 si
1545 1403 1654 1467 neque
1670 1383 1707 1448 in
1726 1379 1830 1447 rebus
1851 1389 1947 1447 extra
1963 1401 2026 1446 nos
2045 1377 2184 1463 positis,

650 1521 762 1587 neque
798 1503 835 1566 in
869 1501 968 1568 nobis
1011 1498 1325 1584 homuncionibus,
1358 1521 1468 1586 neque
1507 1500 1544 1565 in
1579 1498 1729 1566 scientiis
1767 1497 1998 1582 doctrinisque
2034 1497 2185 1572 habitet,

654 1639 765 1704 neque
784 1621 895 1686 laudis
937 1619 1053 1688 studio
1088 1629 1328 1705 comparetur,
1363 1619 1505 1686 ubinam
1537 1621 1676 1686 tandem
1715 1623 1821 1688 lateat
1853 1629 1888 1686 ct
1934 1640 2002 1703 quo
2039 1615 2185 1685 artificio

647 1737 756 1822 possit
793 1759 836 1806 ex
863 1740 1005 1808 latebris
1049 1740 1120 1806 suis
1155 1738 1313 1814 extrahi,
1346 1739 1484 1822 penitus
1523 1747 1683 1824 totosque
1719 1760 1780 1806 nos
1811 1738 1966 1826 ignorare
1992 1740 2185 1810 fateamur,

654 1873 787 1920 neeesse
809 1864 873 1920 est.

697 1973 790 2060 Quid
810 1975 908 2039 robis
930 1975 1106 2044 videatur,
1124 1971 1237 2033 nescio
1260 1965 1339 2032 tlt
1372 1967 1458 2036 Mihi
1474 1992 1594 2040 nonea
1616 1987 1669 2042 est
1690 1977 1886 2057 temeritas,
1904 1985 1946 2042 ut
1962 1939 2086 2038 1ικνιηη
2105 1975 2186 2038 hae·

649 2101 747 2156 tenus
777 2105 834 2150 rne
870 2084 1060 2159 invenisse,
1087 2090 1148 2146 aut
1183 2081 1280 2146 robis
1311 2094 1505 2148 monstrare
1537 2109 1656 2167 posse,
1694 2094 1900 2156 existimem.
1944 2091 2121 2168 Forsitan,
2156 2091 2186 2157 si

652 2199 773 2291 plane,
805 2201 890 2286 quid
910 2210 946 2268 ct
966 2203 1068 2287 quale
1088 2207 1199 2276 esset,
1222 2207 1437 2280 teneremus,
1466 2207 1509 2264 ut
1526 2201 1595 2264 fert
1614 2201 1795 2264 hominum
1816 2225 1910 2280 moe,
1933 2207 2069 2270 amandi
2086 2209 2187 2274 ardor

649 2321 901 2410 languesceret:
926 2318 1072 2386 forsitan
1090 2317 1245 2384 veritatis
1266 2319 1430 2402 splendor
1447 2317 1716 2405 praestringeret
1735 2316 1939 2383 mortalium
1962 2321 2090 2384 oculos.
2120 2321 2188 2388 Nos

650 2445 792 2510 interim
824 2423 1161 2524 rerum⁰quaerere,
1187 2459 1230 2506 ne
1249 2437 1477 2514 desinamus,
1496 2437 1672 2522 illudque,
1699 2437 1794 2523 quod
1814 2436 1982 2513 facimus,
2010 2458 2187 2507 amemus:

650 2562 698 2627 sic
715 2583 839 2650 magna
859 2581 921 2628 nos
944 2581 1022 2648 spes
1052 2571 1167 2640 tenet,
1194 2563 1269 2630 fore
1297 2570 1356 2640 ut,
1392 2559 1459 2626 uisi
1482 2559 1519 2625 in
1550 2561 1614 2626 hac
1640 2561 1736 2636 rita,
1764 2557 1801 2623 in
1828 2561 1938 2625 altera
1969 2560 2093 2625 saltem
2127 2561 2188 2626 illa

651 2687 921 2762 postmortem,
953 2698 1059 2763 quam
1091 2703 1210 2748 veram
1235 2681 1344 2748 vitam
1370 2699 1519 2764 vereque
1546 2679 1690 2746 vitalem
1722 2677 1959 2761 adpellamus,
1995 2697 2053 2756 ea,
2078 2659 2189 2762 'quam

653 2808 850 2868 constanter
873 2799 1065 2868 amavimus
1091 2808 1127 2868 et
1150 2819 1255 2868 unam
1279 2800 1474 2878 coluimus,
1500 2797 1673 2884 potiamur
1695 2795 1853 2864 veritate.

1327 3116 1534 3138 ——q

701 3379 755 3448 Ad
773 3381 868 3446 hmo
890 3357 1043 3447 amorem
1059 3381 1097 3448 in
1113 3381 1382 3450 adolescentium
1396 3382 1520 3448 animis
1539 3383 1780 3462 excitandum,
1801 3384 2010 3459 fovendum,
2029 3383 2190 3447 alendum

657 3501 741 3586 quid
760 3500 869 3586 magis
889 3501 1006 3566 efficax
1026 3509 1098 3577 est,
1125 3520 1232 3584 quam
1246 3501 1419 3568 institutio
1440 3502 1657 3568 academica?
1679 3502 1743 3568 Hic
1760 3505 1901 3588 juvenes
1916 3509 1997 3564 sunt
2016 3498 2190 3584 generosi,

658 3622 718 3706 qui
746 3642 816 3687 non
843 3621 997 3688 contenti
1023 3621 1227 3688 scholastica
1254 3640 1443 3706 puerorum
1474 3619 1712 3698 institutione,
1743 3619 1866 3686 altiora
1900 3627 2050 3702 petunt,
2077 3619 2192 3704 pulcri

615 3719 620 3726 ⁶
658 3742 824 3826 quusque
847 3724 962 3808 studio
982 3738 1139 3819 incitati,
1176 3740 1346 3808 amicitiae
1370 3751 1406 3808 et
1425 3743 1665 3806 communium
1693 3739 1889 3805 studiorum
1907 3737 2044 3802 vinculo
2057 3735 2190 3820 juncti,

656 3859 830 3928 virtutum
865 3861 956 3928 inter
993 3862 1152 3946 aequales
1177 3860 1318 3924 aemuli.
1364 3859 1428 3922 Hic
1448 3857 1711 3937 «bibliothecae,
1739 3867 1904 3943 tanquam
1929 3851 2128 3920 habitacula
2153 3875 2192 3917 ac

665 3977 786 4040 domus
819 3991 1038 4035 summorum
1065 3975 1295 4051 ingeniorum·
1351 3971 1414 4033 Hic
1443 3973 1601 4034 uirorum
1630 3975 1848 4031 eruditorum
1893 3968 1998 4045 ordo,
2041 3989 2191 4056 quorum

660 4089 771 4158 omnis
790 4087 862 4153 rita
886 4082 1037 4151 scientiis
1059 4091 1255 4148 consecrate
1276 4091 1354 4161 est,
1373 4082 1435 4166 qui
1450 4081 1627 4167 juventuti
1644 4081 1853 4150 academicae
1874 4085 2033 4170 prodesse
2050 4090 2193 4176 ejusque
2303 4125 2309 4138 ι

660 4206 870 4276 utilitatibus
885 4217 921 4274 et
940 4201 1126 4272 commodis
1141 4199 1304 4268 inservire
1324 4199 1479 4286 cupiunt.
1780 4207 1783 4220 '

701 4329 822 4398 Plures
842 4329 879 4394 in
900 4327 1012 4412 patria
1031 4331 1149 4390 nostra
1169 4331 1253 4388 sarnt
1277 4323 1400 4394 urbes,
1423 4319 1492 4388 loci
1521 4322 1742 4399 amoenitate,
1769 4319 2004 4387 aedificiorum
2027 4323 2192 4410 magnifi-

659 4449 793 4528 cantia,
819 4451 1010 4514 incolarum
1039 4466 1186 4513 nurnero
1209 4447 1298 4511 hanc
1327 4443 1467 4510 Leidam
1499 4453 1656 4511 nostram
1679 4453 1892 4529 superantes.
1938 4443 2190 4533 Magnitudine,

660 4567 866 4652 splendore,
904 4565 1049 4650 opibus,
1099 4564 1250 4644 divitiis,
1298 4574 1493 4634 mercatura
1528 4565 1685 4652 superbit
1718 4562 2018 4633 Amstelodamum
2051 4587 2192 4651 seseque

660 4687 872 4773 metropolin
906 4707 995 4764 esse,
1026 4686 1231 4772 juremerito
1249 4684 1440 4774 glorietur.
1487 4679 1582 4752 Sedis
1620 4684 1733 4772 regiae
1760 4683 1900 4754 nomine
1935 4685 2060 4772 gaudet
2089 4692 2192 4770 atquc
