4956 6246
652 831 674 892 8
917 812 1171 887 CORNELII
1204 815 1369 891 PRUYS
1401 815 1506 890 VAN
1539 815 1645 886 DElt
1677 804 1897 885 Hotvta

692 1020 811 1090 Dicam
833 1018 962 1110 igitur,
988 1022 1152 1108 quoniam
1173 1024 1246 1090 fata
1261 1021 1312 1089 sio
1334 1021 1477 1110 jubent:
1501 1019 1541 1086 de
1557 1019 1778 1086 imitatione
1799 1010 1992 1080 academico
2012 1021 2048 1078 et
2067 1013 2179 1078 dicam
2230 1056 2233 1065 ·

649 1152 690 1210 ut
709 1151 846 1228 potero,
869 1160 929 1207 vos
950 1160 1008 1207 me
1028 1141 1200 1211 dicentem
1222 1141 1461 1209 benevolentia
1475 1149 1590 1208 vestra
1614 1148 1650 1206 et
1672 1132 1888 1203 humanitate
1907 1141 1949 1198 ut
1968 1130 2177 1206 sublevetis,

649 1262 754 1330 etiam
769 1270 877 1350 atque
896 1258 1001 1327 etiam
1017 1281 1111 1349 rogo.
2060 1263 2062 1268 “

654 1443 661 1452 .
694 1381 866 1467 Equidem
887 1398 1060 1464 ¹quaenam
1087 1381 1153 1460 sit,
1181 1389 1244 1448 aut
1272 1400 1344 1446 esse
1372 1376 1496 1446 debeat
1525 1377 1610 1442 haec
1635 1376 1831 1453 institutio,
1858 1392 1995 1440 mecum
2017 1383 2179 1456 reputans

649 1503 770 1570 statim
788 1500 900 1566 incido
918 1500 955 1564 in
971 1501 1158 1588 contrarias
1174 1499 1357 1566 hominum
1380 1495 1661 1563 dissentientium
1679 1516 1719 1560 ac
1747 1493 1960 1582 litigantium
1978 1490 2178 1558 sententias.

650 1619 779 1706 Nempe
797 1619 869 1686 aliia
891 1619 1009 1685 eadem
1030 1629 1084 1686 est
1100 1627 1204 1704 atque
1220 1614 1449 1693 scholastica,
1473 1613 1599 1700 quibus
1615 1617 1786 1683 elementa
1803 1616 1960 1691 tradere,
1981 1611 2181 1696 compendia

554 1790 558 1796 .
651 1740 693 1806 ad
724 1740 870 1808 verbum
901 1739 1072 1816 ediscere,
1095 1739 1251 1806 examina
1277 1738 1465 1814 sustinere,
1508 1737 1761 1822 promotionem
1791 1738 1931 1814 subire,
1967 1733 2181 1802 academicae

652 1859 873 1941 potissimum
887 1855 1114 1924 institutionis
1135 1881 1206 1925 esse
1226 1859 1363 1925 videtur
1383 1855 1512 1941 quique
1534 1857 1700 1942 juvenum
1720 1854 1854 1942 ingenia
1872 1854 1915 1920 ad
1933 1872 2045 1917 unum
2067 1850 2182 1915 omnia

650 1971 853 2045 modulum,
883 1970 926 2032 ad
956 1989 1060 2032 suum
1086 1971 1245 2048 scilicet,
1283 1972 1435 2055 redigere
1464 1972 1620 2057 cupiunt.
1667 1973 1736 2039 Alii
1766 1983 1907 2050 contra,
1935 1971 2049 2038 nescio
2076 1987 2182 2052 quam

650 2087 849 2154 libertatem
862 2083 1092 2160 somniantes,
1116 2105 1256 2151 omnem
1272 2086 1413 2170 legum,
1437 2105 1576 2150 omnem
1589 2094 1841 2158 consuetudinis
1856 2140 1866 2176 ,
1886 2111 2025 2158 ornnem
2040 2087 2181 2156 omnino

651 2202 850 2286 disciplinae
868 2200 941 2265 vim
968 2200 1277 2284 auctoritatemque
1302 2201 1436 2264 tollunt
1466 2217 1610 2284 eamque
1634 2200 1775 2265 demum
1804 2212 1928 2267 vocant
1954 2206 2182 2268 academicam

653 2323 927 2412 iustitutionem,
951 2318 987 2385 in
1008 2339 1113 2405 quam
1132 2323 1275 2406 juvenes
1291 2329 1479 2404 spontaneo
1499 2330 1665 2403 tanquam
1682 2319 1808 2406 ingenii
1828 2332 1928 2389 motu
1947 2318 2182 2403 instinctuque

655 2428 827 2494 feruntur.

691 2543 834 2626 ¹Horum
864 2552 989 2610 neutra
1025 2542 1113 2608 mihi
1142 2542 1231 2608 ratio
1262 2542 1442 2628 valdopere
1477 2539 1631 2620 adridet,
1663 2561 1773 2626 neque
1803 2543 2089 2608 scholasticorum
2116 2543 2181 2608 ista

654 2665 833 2744 severitas,
856 2684 968 2748 neque
987 2660 1163 2729 temeritas
1179 2660 1390 2727 liberalium.
1436 2656 1523 2724 Nam
1551 2660 1613 2724 illa
1636 2661 1806 2746 puerilem
1839 2660 1937 2726 nobis
1956 2659 2059 2726 faciet
2079 2659 2182 2726 insti-

655 2783 842 2860 tutionem
877 2783 962 2846 haec
993 2776 1130 2844 nullam
1154 2799 1308 2863 prorsus.
1353 2776 1421 2844 Vos
1445 2777 1571 2866 igitur,
1610 2799 1697 2863 quae
1727 2779 1867 2844 tandem
1891 2777 1979 2844 mihi
2014 2777 2180 2864 probetur

655 2901 844 2974 sententia,
872 2897 1117 2964 declarandum
1140 2917 1212 2962 esee
1240 2896 1335 2963 vobis
1358 2897 1508 2980 putatis:
1542 2897 1645 2984 idque
1666 2899 1746 2984 jure
1777 2897 1918 2980 quidem
1938 2906 2065 2966 vestro.
2110 2895 2181 2982 Ego

656 3027 793 3095 numm,
818 3036 960 3102 quomo
982 3024 1136 3093 vortam,
1159 3015 1274 3080 nescio
1293 3014 1459 3099 videoque
1486 3015 1642 3100 primum
1665 3015 1840 3081 institutio
1860 3013 1945 3100 quid
1967 3014 2036 3090 sit,
2060 2987 2182 3079 deinde

656 3157 824 3222 quaenam
846 3136 928 3213 illa,
961 3156 1068 3221 quam
1092 3136 1276 3209 volumus,
1303 3133 1514 3212 academica,
1547 3134 1779 3201 definiendum
1803 3155 1884 3202 esse.
1929 3132 2044 3219 Atque
2064 3131 2121 3197 hic
2145 3129 2181 3194 in

655 3255 731 3339 ipso
747 3254 913 3321 sermonis
925 3253 1063 3320 exordio
1076 3255 1207 3319 multae
1225 3252 1313 3319 mihi
1335 3271 1547 3339 magnaeque
1558 3261 1747 3318 nascuntur
1762 3251 1812 3319 rei
1832 3251 2063 3318 difficultates.
2095 3246 2183 3314 Nem

657 3373 982 3476 alia-rerumpalia
1014 3373 1195 3450 hominum
1225 3355 1413 3439 institutio*
1430 3382 1499 3439 est:
1534 3374 1686 3458 haecque
1709 3373 1784 3458 ipsa
1813 3373 1884 3439 eive
1909 3372 2019 3438 varias
2053 3368 2184 3458 linguas

660 3493 877 3558 consulamus
890 3537 899 3570 ,
921 3491 993 3561 eive
1009 3492 1046 3557 in
1053 3491 1236 3558 hominum
1249 3491 1337 3558 vitas
1356 3491 1577 3562 intueamur.
1599 3511 1658 3558 seu
1673 3479 1915 3575 pervolvamus
1933 3489 2041 3554 libros
2061 3487 2186 3553 dehoc

658 3621 861 3696 argumento
886 3612 1052 3697 scriptos,
1086 3631 1178 3675 nunc
1205 3611 1249 3675 ad
1267 3629 1412 3696 corpus,
1435 3631 1528 3677 nunc
1560 3610 1603 3674 ad
1624 3612 1798 3684 mentem,
1839 3627 1931 3672 nunc
1958 3604 2002 3669 ad
2029 3603 2186 3668 animum

658 3747 840 3813 moresque
860 3730 1041 3795 hominum
1057 3729 1235 3797 referenda
1250 3729 1404 3796 videtur:
1428 3737 1470 3794 ut
1487 3727 1562 3793 aliis
1578 3725 1760 3792 instituere
1775 3725 1867 3793 idem
1896 3726 1942 3791 sit
1955 3723 2048 3808 quod
2073 3719 2185 3799 oneo,
2303 3773 2307 3780 ·

657 3841 733 3908 aliis
753 3841 888 3924 dooere,
914 3847 991 3934 aliis
1018 3868 1100 3914 vero
1119 3849 1314 3932 castigare,
1326 3847 1525 3932 corrigere,
1547 3841 1734 3910 emendare.

700 3955 920 4018 Academiam
941 3981 1019 4014 vero
1040 3969 1075 4016 et
1095 3956 1321 4020 academicam
1346 3957 1602 4014 institutionem
1621 3961 1761 4010 aeaeae
1784 3941 1954 4028 cupienti,
1986 3944 2185 4014 incumbere

660 4069 748 4140 mihi
758 4068 939 4134 materiam
953 4063 1083 4131 viribus
1102 4063 1185 4128 adeo
1202 4063 1355 4145 iniquam
1366 4060 1499 4138 sentio,
1515 4069 1557 4126 ut
1571 4061 1613 4126 de
1629 4081 1668 4127 re
1685 4059 1885 4128 invenienda
1909 4061 1981 4127 fere
1994 4060 2183 4148 desperem.

704 4185 817 4252 Nostis
837 4182 915 4250 Adi
938 4203 1025 4272 quae
1036 4202 1146 4268 nuper
1162 4202 1243 4247 cum
1259 4178 1372 4268 Belgis
1391 4177 1559 4246 iratribus
1578 4201 1616 4245 ea
1632 4179 1674 4246 de
1690 4176 2006 4264 redispatavimus.
2051 4176 2182 4256 Nostis,

662 4313 748 4393 quot
765 4311 978 4391 quantaeque
1006 4300 1152 4387 agitatae
1174 4299 1244 4365 sint
1266 4298 1479 4384 quaestiones
1503 4297 1596 4364 inter
1627 4297 1752 4366 veteris
1776 4296 1881 4363 etiam
1903 4295 2031 4382 patriae
2054 4298 2185 4382 profes·

661 4446 769 4503 sores,
799 4443 947 4508 quorum
976 4421 1104 4508 singuli
1143 4438 1249 4504 paene
1282 4417 1343 4504 qui
1369 4416 1582 4494 scriberent,
1620 4425 1682 4484 aut
1711 4415 1935 4494 dissererent,
1962 4415 2000 4480 in
2033 4415 2184 4503 singulas

660 4545 820 4614 abierunt
834 4541 1034 4610 sententiae.
1079 4537 1148 4604 Nec
1168 4556 1286 4603 meum
1314 4546 1387 4614 eat,
1421 4545 1534 4602 tantas
1553 4536 1644 4604 iuter
1663 4536 1727 4604 hos
1757 4556 1960 4624 componere
1990 4536 2092 4614 lites,
2121 4555 2186 4602 nec

662 4664 692 4728 si
713 4664 768 4730 vel
795 4671 906 4754 esset,
929 4680 998 4747 quo
1020 4679 1074 4726 eae
1093 4664 1194 4743 pacto
1219 4674 1478 4739 componerem,
1496 4654 1578 4723 satis
1598 4665 1707 4721 teneo.

705 4780 896 4869 Equidem,
915 4791 1035 4847 utrum
1050 4779 1130 4862 plus
1146 4773 1368 4858 proficerem,
1390 4774 1451 4866 qui
1466 4795 1541 4841 mos
1563 4772 1776 4844 medicorum
1796 4786 1868 4856 est,
1883 4775 1925 4844 ud
1941 4772 2184 4864 experientiam

662 4900 838 4986 adpellant
861 4919 984 4986 meque
999 4902 1221 4972 convertens,
1243 4895 1462 4963 vehementer
1483 4892 1614 4964 dubito.
