4956 6246
644 717 690 784 86
934 707 1112 782 JosNttls
1133 707 1355 782 FREDERICI
1375 707 1464 784 ΥΔΝ
1483 707 1644 799 00RDT,
1667 707 1700 782 J.
1724 709 1765 780 G.
1787 707 1866 780 tlt·

642 913 886 991 facultatibus,
910 933 951 980 eo
962 925 1122 1002 πωροι,
1141 927 1185 986 ut
1201 939 1256 986 res
1279 917 1393 1004 ipsas,
1411 937 1497 1002 quae
1513 916 1579 1002 ipsi
1597 917 1828 1006 objiciuntur,
1853 921 2036 1004 ooqnotost
2051 929 2169 1010 prouti

642 1047 738 1114 sunt,
776 1052 964 1121 earumque
1001 1047 1164 1106 naturam
1196 1037 1323 1106 babeat
1354 1041 1584 1124 exploratum
1627 1039 1676 1106 sie
1702 1035 1815 1106 tendit
1842 1035 1885 1102 ad
1911 1035 2026 1122 ipsum
2051 1063 2174 1118 verum

644 1155 955 1238 compleotendum.
1012 1156 1243 1248 intelligimus
1279 1159 1379 1236 hino,
1416 1179 1538 1226 rerum
1578 1179 1651 1226 asse
1683 1158 1738 1233 id,
1772 1152 1866 1240 qnod
1902 1157 2060 1225 oomenit
2093 1179 2174 1230 oum

643 1289 785 1353 rerum,
802 1274 844 1342 de
867 1274 993 1358 quibus
1012 1275 1141 1364 agitur,
1163 1286 1306 1355 natura,
1326 1264 1414 1355 sive,
1437 1287 1478 1344 ut
1500 1277 1693 1344 accuratius
1713 1273 1819 1342 etiam
1836 1271 2010 1352 dieamus,
2030 1275 2065 1342 id
2082 1277 2176 1362 quod

643 1412 762 1462 reuera
794 1401 863 1472 eet,
904 1395 1015 1480 ipsam
1054 1415 1172 1461 rerum
1203 1405 1365 1462 naturam
1378 1440 1399 1473 ,.
1421 1404 1590 1482 quatenus
1625 1395 1796 1460 humanae
1829 1390 2016 1478 cognitioni
2044 1403 2176 1478 pateat.

523 1525 526 1532 ’
642 1511 761 1578 Prouti
784 1512 881 1578 enim
900 1521 956 1580 res
974 1513 1087 1598 ipsae,
1103 1535 1191 1602 quae
1209 1523 1291 1580 sunt
1313 1521 1349 1581 et
1368 1513 1421 1580 uti
1439 1525 1545 1596 sunt,
1570 1513 1613 1580 ab
1635 1533 1755 1582 earum
1775 1509 1888 1596 speeie
1908 1513 2174 1594 disoernnntnr,

641 1630 690 1696 sio
710 1649 846 1714 qnoque
860 1633 1086 1721 distinguitur
1107 1655 1229 1700 verum
1254 1656 1275 1700 a
1294 1635 1393 1700 falso.

686 1744 743 1814 Sio
770 1748 870 1816 inviti
895 1737 973 1818 fere*
994 1749 1094 1815 nudis
1115 1771 1177 1815 noa
1196 1752 1454 1828 commisimus,
1473 1751 1619 1836 quibus,
1641 1773 1698 1820 me
1715 1748 1964 1838 gubernatore,
1986 1749 2079 1816 haud
2099 1771 2172 1818 ore·

643 1864 788 1931 dandam
812 1873 952 1930 tenuem
978 1874 1091 1930 ratem
1119 1863 1450 1930 existimaveramns.
1494 1864 1564 1934 Nee
1585 1878 1702 1934 tamma
1719 1871 1850 1936 frustm
1884 1887 1940 1934 ers
1975 1866 2172 1955 tetigimus,

642 1991 703 2050 aot
732 1981 807 2048 sine
838 1984 913 2047 ullo
940 1983 1040 2048 luero
1065 1981 1145 2048 inde
1164 1979 1384 2068 emergimus.
1426 1977 1555 2067 Quodsi
1578 1984 1671 2046 enim
1691 2007 1816 2050 verum
1835 1987 1946 2070 ipsam
1971 2007 2091 2054 rerum
2106 2007 2172 2053 na-

640 2111 757 2168 turam
774 2102 1036 2186 oomplsotitnr,
1058 2099 1102 2165 ad
1116 2098 1383 2166 omniaomnino
1404 2097 1578 2183 pertinet,
1599 2115 1664 2164 neo
1682 2097 1759 2162 nlla
1780 2118 1835 2162 res
1857 2109 1928 2174 est,
1949 2104 2035 2183 quin
2052 2125 2073 2167 a
2090 2121 2173 2169 vero

640 2217 765 2284 habeat
789 2237 888 2284 snam
913 2216 1203 2296 aestimationem,
1229 2217 1352 2302 cuique
1376 2237 1446 2282 non
1469 2237 1592 2284 uerum
1607 2237 1708 2283 omne
1729 2215 1905 2300 pretium,
1931 2235 2036 2284 omns
2052 2219 2171 2300 denum

643 2357 781 2404 omnem
809 2334 1054 2421 praestantiam
1086 2335 1259 2402 conciliat.
1294 2331 1386 2421 Quid
1411 2334 1504 2401 enim
1530 2355 1571 2400 ex
1591 2334 1685 2400 hisee
1708 2341 1841 2412 rsstst,
1861 2332 1892 2400 si
1913 2353 1984 2398 non
1999 2335 2074 2400 rint
2094 2355 2170 2413 res,

642 2473 729 2540 quae
754 2455 934 2532 videntur,
965 2453 1026 2520 sed
1054 2455 1293 2521 tautummodo
1319 2463 1511 2540 opponant
1540 2451 1627 2520 salsa
1650 2452 1762 2538 speeie
1791 2449 1969 2537 deoeptiai
2012 2449 2171 2522 Proiecto

643 2575 784 2657 pronti,
807 2581 849 2638 ut
868 2574 933 2638 hoe
950 2593 1107 2649 sumam,
1131 2573 1280 2652 falsum
1299 2573 1391 2656 qnod
1410 2572 1555 2651 dicitur,
1578 2593 1723 2650 aurum,
1745 2593 1790 2640 ns
1807 2593 1933 2639 aurum
1943 2571 2084 2658 quidem
2093 2582 2168 2650 est,

643 2699 678 2758 et
702 2691 826 2756 misera
855 2692 991 2756 fallitur
1019 2689 1247 2775 quicumque,
1274 2689 1456 2772 splendore
1485 2697 1545 2754 aut
1568 2690 1635 2756 alia
1658 2689 1776 2774 speeie
1791 2691 1975 2776 deeeptus,
1999 2691 2173 2778 ejusmodi

642 2807 802 2876 nummos
821 2819 960 2890 tenens,
987 2812 1189 2877 thesamum
1208 2804 1427 2895 aoquisirisse
1450 2827 1486 2872 se
1508 2815 1632 2891 putet,
1655 2808 1709 2906 ita
1724 2809 1761 2876 iu
1782 2809 1962 2886 omnibus,
1983 2828 2171 2894 quaerum·-

643 2949 710 3014 que
731 2938 837 3013 sunt,
856 2949 911 2995 res
935 2926 1108 2995 sehabet.
1143 2923 1246 2992 Nulla
1261 2933 1315 2992 est
1333 2923 1516 2992 hominum
1533 2925 1699 3005 seientia,
1717 2929 1784 2997 nisi
1799 2949 1920 2998 varum
1936 2930 2034 2998 soist.
2068 2927 2171 3002 anle

642 3047 844 3125 hominum,
866 3048 1045 3135 gentium,
1066 3045 1198 3134 generis
1219 3042 1362 3110 humani
1381 3043 1524 3108 historia
1548 3053 1619 3122 est,
1643 3045 1709 3112 nisi
1729 3069 1817 3135 quae
1837 3051 2011 3127 homines,
2028 3061 2168 3139 gentes,

644 3187 750 3252 genno
768 3167 960 3230 humanum
985 3175 1021 3230 et
1040 3185 1115 3240 res,
1138 3183 1226 3250 quae
1245 3161 1339 3228 hisee
1354 3163 1573 3239 aeciderunt,
1595 3184 1713 3231 evoro
1733 3169 1906 3254 proponit.
1942 3168 2051 3256 Quid,
2076 3171 2168 3256 quod

644 3285 682 3349 in
708 3284 799 3352 fictis
826 3285 930 3352 etiam
955 3283 1229 3360 narrationibus,
1246 3283 1283 3346 in
1304 3279 1515 3348 carminibus
1539 3281 1645 3360 adeo,
1661 3282 1697 3347 in
1717 3308 1817 3354 scena
1842 3309 1998 3374 quoque,
2022 3289 2088 3354 hoc
2109 3309 2169 3355 η.

642 3404 794 3492 quiritur
815 3406 982 3483 maxima,
1003 3407 1068 3472 hoo
1090 3403 1232 3472 demum
1251 3399 1376 3468 merito
1395 3397 1512 3488 magni
1530 3399 1770 3490 existimatur,
1793 3409 1887 3494 qnod
1903 3416 2063 3474 naturam
2077 3408 2165 3491 poi·

641 3533 695 3592 tna
724 3534 913 3609 sequantur·
937 3527 1078 3600 ducem,
1105 3520 1328 3604 hominesque
1353 3517 1510 3606 pingant.
1523 3516 1641 3602 prouti
1666 3527 1768 3597 sunt,
1792 3533 1828 3592 et
1845 3545 1983 3602 sensus,
2003 3523 2164 3600 affectus,

640 3663 752 3710 mores
779 3643 977 3721 exhibeant,
1004 3641 1123 3727 pronti
1151 3659 1270 3707 revera
1294 3659 1331 3704 se
1356 3637 1522 3722 produnt.
1566 3635 1613 3703 Et
1637 3638 1687 3704 sio
1707 3639 1744 3706 in
1766 3643 1908 3726 caeteris
1927 3642 2109 3720 omnibus,
2127 3641 2166 3708 in

640 3759 691 3828 iis
707 3762 879 3838 maxime,
904 3780 990 3845 quae
1013 3767 1174 3846 appetere
1194 3755 1334 3824 bomine
1356 3751 1596 3840 dignissimum
1612 3764 1685 3836 θεὶς
1707 3760 1807 3826 nulla
1829 3769 1882 3828 est
1897 3760 2065 3842 beatitas,
2081 3757 2168 3842 quin

638 3901 733 3958 vera,
765 3883 863 3950 nulla
890 3879 1079 3967 sapientia,
1110 3879 1197 3966 quin
1216 3897 1313 3957 reta,
1341 3894 1405 3940 neo
1424 3871 1592 3960 polorum
1613 3883 1688 3960 est,
1712 3878 1780 3960 nisi
1802 3897 1881 3950 rere
1901 3883 2083 3964 pulcrum,
2102 3897 2168 3943 neo
2283 3939 2288 3947 .

636 3997 789 4078 bonnm,
808 4005 944 4078 praeter
961 4016 1039 4065 vere
1051 3995 1202 4074 bonnm,
1218 4013 1281 4061 neo
1297 3997 1475 4064 sanetum,
1494 3989 1673 4074 qnodnon
1685 4013 1766 4060 vere
1787 4001 1948 4068 sanetum
1963 4001 2029 4060 ast.
2056 3990 2169 4060 intel-

639 4113 865 4202 ligitisbinc,
890 4111 1016 4188 MA
1040 4110 1127 4178 illud
1147 4129 1268 4190 rerum
1291 4107 1435 4185 asotari,
1454 4107 1496 4177 de
1515 4126 1585 4193 quo
1603 4105 1690 4172 mibi
1706 4107 1895 4183 dicendum.
1907 4109 2034 4190 stnnsi,
2050 4109 2169 4178 brote-

639 4258 705 4302 nus
724 4235 768 4302 ad
786 4255 905 4302 omnes
925 4253 1065 4320 quoqne
1086 4229 1268 4298 hominnm
1289 4247 1344 4294 ras
1363 4223 1507 4307 reserri3
1535 4225 1663 4294 etenim
1684 4247 1920 4314 quneoumquo
1940 4235 2099 4316 appetat,
2122 4227 2167 4300 ad

638 4375 875 4444 qnoeomnquo
897 4353 1016 4421 tendat
1034 4339 1156 4426 bomo,
1173 4348 1240 4414 boo
1258 4343 1413 4412 maxime·
1427 4352 1556 4419 teneat,
1574 4343 1685 4430 ipsam
1699 4366 1776 4415 rem
1789 4365 2000 4431 “sepelirem
2009 4344 2165 4432 quaerit,

634 4495 708 4544 non
741 4479 814 4564 ejus
837 4474 1006 4560 speeiem,
1039 4476 1121 4540 aut,
1142 4463 1199 4546 titi
1229 4462 1384 4533 homines
1417 4461 1454 4528 in
1480 4469 1581 4532 antro
1606 4461 1669 4529 illo
1697 4460 1868 4534 Proseis,
1896 4463 2165 4535 simulacrorum

636 4596 791 4664 umbras.
838 4591 1014 4681 Quidquid
1033 4588 1129 4656 adeo
1158 4583 1371 4660 moliantur,
1400 4600 1522 4647 varum
1541 4587 1896 4666 ⁴seottentqr:mm,
1925 4583 1962 4648 ,5
1993 4581 2163 4668 attium

637 4715 747 4783 velint
775 4715 880 4782 finem
907 4719 1104 4798 sperotnmt
1133 4707 1199 4806 hoo
1216 4702 1309 4780 eain
1328 4699 1390 4788 qui
1409 4697 1571 4786 negligit,
1594 4719 1666 4771 non
1684 4709 1800 4784 potest
1817 4721 1892 4793 non,
1904 4715 2087 4785 scopo-suo
2106 4715 2164 4764 ex-

636 4836 767 4915 eitlsr'e,
796 4845 833 4905 et
861 4831 954 4902 inani
969 4828 1089 4918 speeie
1109 4827 1270 4913 deeeptus
1281 4868 1292 4906 ,
1317 4829 1397 4910 post
1416 4819 1607 4889 amantes
1630 4817 1789 4902 labores,
1807 4817 1917 4895 voluti
1936 4818 2027 4888 alter-
2043 4813 2172 4894 Ixion,
2270 4829 2274 4836 ·
