4956 6246
923 840 1204 917 ORATIO.
1784 863 1833 927 23

300 1043 450 1112 exsultat
469 1039 607 1129 Hagana
634 1042 765 1112 civitas.
809 1045 896 1114 Nam
925 1048 973 1114 ibi
996 1049 1099 1139 Regis
1118 1055 1351 1140 augustissimi
1369 1057 1492 1122 domus
1512 1063 1548 1124 ct
1564 1056 1688 1123 nobilis
1707 1057 1825 1146 stirpis

256 1251 261 1258 ι
298 1161 507 1230 hennacae.
552 1156 644 1248 Quid
661 1165 770 1253 magis
794 1169 838 1232 cd
858 1168 1071 1238 hilaritatem
1090 1173 1326 1260 laetitiamque
1344 1185 1479 1243 mentes
1495 1175 1694 1261 componit,
1719 1196 1825 1262 quatu

296 1283 516 1351 Iloterodami
532 1282 620 1360 mei,
641 1283 737 1352 urbis
754 1285 1014 1356 florentissimae
1036 1292 1244 1377 adspectus?
1259 1293 1303 1360 Et
1319 1304 1435 1362 tamen
1453 1315 1522 1361 una
1544 1273 1646 1362 'Laida
1657 1304 1709 1363 eet
1721 1296 1826 1382 hujus

296 1399 499 1468 Hellandiae
531 1413 666 1470 nostrae
687 1406 813 1473 civitae
842 1383 1048 1478 academica.
1091 1410 1181 1478 llaec
1208 1414 1445 1496 antiquissima
1469 1410 1691 1480 scientiarum
1718 1412 1824 1477 sedes.

297 1519 387 1586 Haec
402 1524 494 1587 alma
509 1521 686 1590 Musarum
703 1528 837 1595 domus.
854 1531 943 1597 llaec
976 1531 1148 1600 Minervae
1166 1553 1262 1600 sacra
1275 1532 1373 1599 urbs.
1415 1529 1486 1598 llae
1499 1529 1654 1597 Athenae
1668 1529 1828 1596 Butavae.

339 1639 443 1706 Plena
455 1641 584 1708 isthaec
592 1644 675 1711 urbs
689 1658 809 1715 nostre
826 1662 1132 1720 monumentorum
1146 1654 1256 1720 avitae
1272 1652 1416 1741 gloriae,
1429 1646 1614 1732 sapientiae
1630 1647 1821 1734 majorum,

296 1759 496 1827 eruditionis
510 1760 663 1828 Batavae.
708 1764 771 1846 Hic
791 1770 912 1836 hortus
933 1767 1149 1849 Boerhaavii,
1172 1773 1229 1837 hic
1249 1771 1367 1838 llhtnt
1395 1769 1567 1852 cupellam
1589 1767 1646 1834 hic
1663 1787 1827 1833 muscum

297 1877 523 1967 Bmgmausii.
581 1879 643 1948 Hic
672 1883 786 1950 virere
817 1897 852 1953 et
874 1889 1020 1955 floruere
1051 1889 1250 1952 litterarum
1279 1891 1397 1951 beroe's
1421 1883 1589 1972 Scaliger',
1616 1885 1823 1962 Salmasius,

297 1994 599 2074 Hemsterhusius,
625 1995 865 2080 Ruhnkenius,
890 2003 1156 2076 Valckenarius,
1178 2001 1487 2084 wyttenbachius.
1533 2001 1595 2064 Hic
1622 2006 1822 2068 senaculum

296 2125 348 2181 est
379 2125 416 2182 et
452 2117 685 2192 auditorium,
715 2119 776 2182 ubi
808 2120 926 2184 vultus
962 2116 1136 2198 adspicere
1173 2125 1209 2182 et
1227 2135 1328 2183 voces
1361 2117 1479 2184 audire
1505 2116 1636 2184 divinas
1668 2119 1822 2186 rismum

295 2234 489 2300 illustrium
521 2234 688 2299 videmur.
733 2231 798 2296 llic
827 2235 921 2298 locus
946 2241 998 2300 est
1030 2233 1258 2302 institutionis
1286 2235 1515 2315 academiam,
1554 2255 1625 2324 quo
1650 2237 1820 2324 aptiorem

296 2353 453 2432 nullum,
481 2359 542 2414 aut
561 2333 743 2415 meliorem
769 2349 953 2418 inveneris.

340 2468 396 2534 Sic
416 2467 588 2533 academia
609 2476 662 2533 est
679 2467 799 2534 civitas
815 2469 1005 2550 litteraria,
1040 2470 1076 2536 in
1098 2463 1168 2558 qua
1187 2481 1230 2539 ut
1256 2482 1463 2541 mercatores
1489 2471 1531 2540 de
1552 2475 1746 2556 mercibus,
1773 2477 1824 2542 sio

294 2589 505 2654 litteratores
526 2588 567 2653 de
591 2587 720 2654 litteris
735 2587 960 2674 artibusque,
985 2610 1073 2677 quae
1097 2592 1141 2655 ad
1154 2592 1405 2659 humanitatem
1426 2595 1621 2678 pertinent,
1648 2615 1823 2661 sermones

294 2709 450 2773 miscent.
496 2701 654 2773 Oderunt
673 2709 857 2791 profanum
877 2711 1000 2796 vulgus
1026 2719 1062 2775 et
1081 2721 1212 2776 arcent.
1255 2709 1325 2778 Nc'c
1345 2733 1443 2778 aures
1463 2721 1687 2796 perstrepunt
1702 2731 1819 2777 rerum

293 2826 511 2911 politicarum
537 2825 684 2903 turbae,
710 2847 776 2893 neo
794 2829 962 2894 clamores
987 2829 1170 2893 bominum
1188 2831 1232 2894 do
1254 2830 1400 2914 imperio
1420 2832 1646 2907 certantium,
1674 2851 1739 2898 nec
1763 2831 1821 2894 in·

293 2945 470 3021 sidorum,
501 2945 650 3010 eliorum
679 2948 790 3013 famae
820 2945 1112 3025 obtrectantium,
1144 2947 1313 3024 convicia,
1351 2969 1412 3014 nec
1448 2948 1610 3034 superbia
1644 2958 1680 3017 ct
1708 2951 1817 3018 fastus

292 3066 472 3133 nobilium.
519 3043 689 3133 scientiae
719 3087 799 3132 suae
833 3067 920 3134 vivit
945 3077 981 3133 et
1009 3067 1166 3144 veritati,
1191 3067 1281 3134 hano
1309 3077 1428 3145 amat,
1453 3068 1588 3157 diligit,
1615 3067 1700 3134 colit
1726 3085 1820 3134 mora

292 3207 372 3273 gens
393 3185 522 3252 civium
558 3185 845 3251 academicorum.
890 3181 955 3250 Sed
995 3184 1102 3250 simul
1142 3185 1316 3273 diligunt,
1353 3195 1490 3263 amant,
1529 3187 1652 3253 colunt
1676 3205 1820 3264 omnes,

293 3313 465 3392 quotquot
489 3305 636 3392 flagrant
662 3306 811 3374 discendi
837 3306 969 3372 ardore.
1015 3302 1129 3388 Atque
1158 3304 1208 3371 ita
1233 3314 1374 3372 cunctos
1399 3305 1516 3393 jungit
1537 3304 1629 3371 idem
1648 3304 1820 3370 amicitiae

293 3422 491 3500 vinculum,
517 3443 587 3508 quo
613 3425 698 3510 qnid
728 3425 838 3491 carius
867 3444 960 3501 esse,
988 3433 1050 3490 eut
1077 3424 1233 3509 pulcrius
1267 3423 1409 3510 potest?
1440 3423 1513 3492 Aut
1538 3443 1623 3509 quae
1651 3422 1820 3510 possessio
1870 3463 1875 3480 ι

292 3540 429 3607 maioris
454 3541 667 3608 aestimanda
700 3554 775 3622 est,
810 3563 914 3629 quam
937 3542 1087 3621 arnicus,
1120 3564 1208 3630 quae
1236 3553 1334 3611 tauto
1364 3544 1473 3612 carior
1501 3563 1586 3610 auro
1603 3541 1820 3628 apiumque,

290 3671 419 3742 quanto
432 3661 534 3729 rebus
560 3662 636 3730 istis
656 3663 852 3730 inanimatis
873 3662 1101 3748 praestantior
1119 3660 1226 3728 bomo.

248 3983 254 3994 ’
333 4009 545 4078 Adurnbrari
571 4007 652 4074 alt
687 4027 792 4094 quem
822 4019 938 4076 mente
971 4013 1201 4092 complector,
1231 4012 1392 4074 eximiam
1421 4009 1572 4075 ciuitatis
1606 4011 1816 4079 academicae

287 4132 456 4220 speciem,
480 4130 609 4195 nonin
637 4127 764 4196 alienas
789 4128 925 4193 intuens
947 4127 1212 4224 peregrinusque
1235 4127 1497 4204 universitates,
1525 4127 1586 4193 scd
1609 4127 1645 4192 iu
1661 4131 1816 4195 nostram'

289 4253 425 4316 intuens
453 4248 601 4333 priscam
622 4247 721 4311 illam
742 4245 952 4313 academiam
974 4245 1331 4333 Lugdunollatavam.

332 4367 471 4435 Etenim
493 4385 651 4432 curemus
669 4375 828 4450 oportet,
850 4391 894 4435 ne
905 4371 1114 4453 populorum
1136 4369 1289 4434 eliorum
1302 4367 1462 4435 instituta
1481 4377 1516 4434 et
1535 4387 1649 4436 mores
1675 4370 1812 4445 mirati,

288 4487 382 4574 quod
407 4508 470 4552 nos
504 4489 620 4552 deceat
648 4497 853 4578 nostrosque
881 4491 1056 4569 homiues,
1097 4489 1277 4576 exquirere
1300 4489 1525 4580 negligamus.
1571 4488 1663 4578 Quid
1696 4501 1812 4557 autem

287 4606 427 4682 deceat,
450 4604 492 4669 ab
517 4626 556 4670 eo
578 4604 637 4690 qui
665 4629 700 4675 se
734 4611 889 4706 ignoret,
920 4611 1067 4698 intelligi
1103 4613 1202 4677 nullo
1231 4611 1335 4678 modo
1360 4618 1488 4693 potest.
1533 4606 1588 4674 An
1605 4610 1812 4692 credamus,

290 4726 468 4789 oraculum
496 4723 585 4790 illud
603 4721 811 4811 Delphicum
829 4728 1029 4796 bominibus
1049 4728 1193 4817 singulis
1216 4730 1349 4797 editum
1370 4749 1460 4808 esse,
1489 4730 1648 4818 gentibus
1673 4733 1814 4798 univer·

291 4836 338 4905 sis
359 4861 428 4908 nou
445 4841 541 4909 esse?
561 4843 679 4912 Nonne
699 4850 835 4924 multa,
853 4869 940 4934 quae
957 4843 1167 4916 Graecomm
1185 4849 1339 4916 moribus
1356 4857 1454 4916 erant
1469 4851 1610 4927 decora,
1632 4851 1723 4933 apud
1743 4848 1815 4912 Ro-
