4956 6246
547 832 551 840 .
656 680 702 808 72Ι
945 732 1125 804 JOANNIS
1145 733 1366 806 lannnnlcl
1389 733 1477 808 VAN
1499 733 1666 817 OORDT,
1697 732 1729 806 J.
1757 735 1798 846 G,
1826 733 1901 804 FlL.

658 954 837 1004 summum
857 931 1195 1013 stndinmmedum,
1217 936 1361 1004 animm
1381 937 1418 1002 in
1435 935 1662 1025 dignoscendo
1674 933 1764 1002 'raro
1782 942 1818 1000 et
1841 933 1928 998 falso
1955 949 2108 1017 ponere,
2135 929 2194 1002 sel

655 1054 787 1124 adhoc
822 1049 1000 1139 Euangelii
1025 1053 1208 1120 consilium
1236 1057 1352 1122 omnia
1381 1077 1444 1122 sna
1483 1055 1649 1122 conferre.
1707 1051 1822 1138 Longe
1852 1048 1959 1135 igitur
2001 1049 2112 1129 absit,
2149 1064 2193 1120 nt

658 1187 781 1234 verum
819 1168 994 1256 Theologo
1034 1173 1135 1238 unice
1162 1173 1363 1240 sectandum
1392 1175 1458 1251 sit;
1492 1173 1624 1239 honum
1658 1171 1776 1256 potins
1815 1176 2043 1254 sanctumque
2079 1149 2190 1238 ·nnice

661 1277 811 1354 sectetur
830 1286 890 1372 qui
907 1288 951 1352 ed
977 1284 1191 1356 Christianae
1214 1289 1391 1378 religionis
1411 1291 1580 1358 rationem
1596 1309 1633 1355 se
1652 1307 1858 1374 componere
1884 1284 1983 1352 velit.

705 1405 838 1484 Audio,
878 1406 919 1474 s.
938 1406 1008 1473 A.l
1045 1416 1149 1492 alque
1179 1427 1293 1474 annuo
1322 1407 1438 1484 hisce,
1483 1407 1561 1493 qni.
1587 1407 1740 1474 indolem
1797 1404 1970 1486 finemque
2016 1401 2191 1491 religionis

662 1527 749 1593 bene
785 1526 913 1612 cepisse
952 1530 1117 1594 hactenns
1149 1527 1241 1592 hand
1276 1526 1452 1595 immerito
1481 1528 1654 1595 videntur.
1698 1523 1765 1592 Sed
1792 1527 1893 1610 longe
1925 1521 2022 1588 abest
2049 1521 2190 1603 tamen,

665 1656 705 1712 nt
732 1665 800 1711 *nos
826 1646 1024 1715 conturbet
1057 1666 1177 1714 eorum
1207 1645 1338 1732 orati05
1373 1657 1492 1714 contra
1520 1667 1632 1725 ¹vero,
1668 1666 1755 1733 quee
1786 1641 1872 1708 bene
1913 1639 1956 1704 ab
1992 1639 2034 1706 iis
2056 1639 2191 1706 dicun·

663 1774 722 1830 tur
757 1783 880 1832 noram
909 1774 1113 1851 argumento
1153 1774 1271 1830 nostro
1308 1759 1501 1832 conciliant
1523 1766 1777 1834 auctoritatem.
1810 1757 1896 1826 'Non
1928 1758 1994 1824 hoc
2031 1761 2192 1824 volumus

662 1878 817 1962 quidem,
861 1889 902 1944 ut
940 1879 1133 1963 'theologus
1157 1877 1202 1940 in
1232 1877 1351 1952 variis,
1386 1899 1475 1963 quae
1507 1882 1551 1946 ad
1585 1881 1806 1970 Theologiem
1844 1878 2042 1965 pertinent,
2090 1877 2195 1945 disci·

663 2000 766 2084 plinio
797 2000 835 2064 in
872 1997 1124 2081 omnibusque,
1156 2013 1245 2078 quae
1284 2012 1357 2058 esse
1374 2001 1548 2076 ‚possunt,
1590 1997 1869 2075 quaestionibus,
1910 1994 2056 2061 levioris·
2088 1994 2194 2061 etiem

666 2115 859 2187 momenti,
893 2113 1081 2199 indaganda
1115 2117 1233 2175 exacte
1272 2118 1439 2191 quatenus
1471 2105 1586 2190 possit
1606 2108 1752 2175 raritate
1779 2129 1881 2176 omne
1912 2119 2051 2194 tempus
2083 2122 2193 2195 terat,

665 2253 805 2298 *omnem
830 2251 969 2316 operam
998 2230 1163 2303 collocet,
1199 2234 1235 2293 et
1270 2223 1422 2312 negligat
1459 2225 1640 2296 hominnm
1664 2225 1780 2295 ,saluti
1810 2234 1846 2293 et
1876 2223 2035 2292 ecelesiae
2059 2229 2194 2316 ὄικιδὸμῇ

667 2351 876 2436 prospicere;
913 2371 974 2416 sna
1002 2359 1120 2416 tamen
1158 2351 1283 2410 natura
1310 2344 1367 2436 ad¹
1394 2341 1623 2430 cognitionem
1654 2345 1805 2411 refertur
1836 2341 2032 2429 Theologia.
2079 2340 2194 2428 Neque

664 2489 850 2556 negemus,
875 2467 927 2532 nti
957 2465 1172 2534 Christianae
1206 2459 1404 2548 religionis,
1426 2462 1475 2528 ita
1499 2471 1539 2532 ,et
1557 2463 1759 2550 Theologiae
1777 2463 1883 2531 finem
1901 2461 1937 2525 in
1957 2461 2193 2540 instituendis,

664 2585 906 2664 emendandis,
928 2583 1143 2668 perficiendis
1169 2579 1370 2647 hominibus
1393 2581 1506 2662 cerpi;
1527 2582 1665 2651 sedhic
1686 2583 1759 2668 ipse
1778 2583 1856 2650 linis
1874 2582 2050 2657 declaret,
2073 2599 2193 2647 verum

664 2705 764 2770 unice
790 2726 862 2771 esse
885 2703 1101 2778 sectandum.
1148 2697 1284 2774 Etenim
1303 2699 1389 2770 haec
1409 2699 1510 2772 unica
1525 2711 1582 2772 cst
1605 2703 1831 2772 institutionis
1855 2701 1935 2778 ria,
1958 2702 2060 2776 haec,
2087 2719 2195 2783 quam

663 2821 818 2906 sequitur
841 2821 1016 2888 institutio
1035 2819 1246 2895 Christiana,
1269 2827 1312 2914 ut
1324 2837 1386 2902 per
1407 2837 1528 2887 verum
1545 2823 1588 2886 ad
1615 2821 1746 2890 honum
1763 2824 1949 2904 ducantur,
1969 2828 2011 2886 ut
2028 2819 2064 2884 in
2079 2817 2195 2884 divina

666 2940 810 3006 veritate
825 2939 983 3004 homines
1004 2941 1275 3020 sanctificentur.
1320 2939 1418 3004 Anne
1435 2941 1499 3006 hac
1510 2942 1551 3008 de
1569 2961 1607 3008 re
1629 2941 1852 3010 dubitemus?
1875 2939 2053 3010 Undenem
2071 2934 2195 3002 Petrina

668 3058 764 3124 ducit
789 3056 955 3142 pessimos
989 3058 1146 3144 gentium
1178 3077 1315 3130 mores,
1350 3075 1436 3141 quos
1467 3065 1540 3124 tarn
1576 3059 1723 3146 graviter
1746 3057 1968 3146 perstringit,
1994 3055 2060 3124 nisi
2076 3075 2117 3120 ex
2135 3073 2192 3131 eo,

669 3179 760 3263 quod
782 3198 903 3244 rernm
918 3175 1164 3246 .deseruerinti
1186 3172 1301 3261 Neque
1315 3176 1359 3246 ad
1377 3177 1521 3261 populos
1547 3177 1720 3267 Euangelii
1743 3183 1822 3246 luce
1842 3180 2026 3246 destitutos
2042 3177 2194 3242 conferre

669 3319 731 3364 nos
758 3318 843 3382 opus
870 3307 940 3372 est,
969 3306 1009 3362 ut
1034 3317 1109 3362 rem
1134 3297 1248 3362 oculis¹
1275 3294 1401 3361 nostris
1432 3294 1650 3377 intueamur3
1690 3299 1762 3385 ipse
1790 3299 1950 3367 ecclesiae
1989 3295 2198 3366 Christianae

670 3415 814 3482 historia
836 3414 957 3481 multis
974 3412 1105 3502 paginis
1127 3415 1333 3483 documenta
1351 3414 1489 3482 exhibet
1505 3418 1698 3486 retardatae
1724 3440 1793 3485 non
1817 3429 1955 3488 mutum
1982 3439 2022 3486 ex
2041 3417 2198 3504 neglecto

670 3553 753 3600 vero
780 3532 999 3618 perfectionis
1026 3534 1219 3610 humanae,
1246 3534 1434 3600 sedetiam
1462 3535 1554 3602 vitae
1576 3535 1755 3621 pravitatis
1781 3561 1822 3604 ex
1852 3537 1947 3604 falsis
1973 3533 2194 3620 irreligione

670 3651 868 3718 notionibus
884 3659 990 3720 ortae'.
1037 3649 1128 3738 Quid
1147 3652 1239 3738 quod
1258 3672 1327 3718 non
1346 3651 1489 3718 historia
1511 3663 1650 3726 tentum
1669 3665 1943 3744 antegressornm
1960 3657 2192 3726 saeculorum,

670 3773 730 3838 sed
767 3772 842 3857 ipse
881 3773 988 3838 etiem
1024 3785 1223 3840 nostrorum
1269 3780 1468 3854 temporum
1510 3773 1719 3856 experientia
1758 3777 1852 3843 haud
1885 3775 2002 3861 paucis
2031 3765 2194 3853 exemplis

572 3960 576 3966 ,
671 3892 843 3969 declarat,
869 3889 986 3975 ipsum
1011 3889 1185 3976 religionis
1212 3886 1468 3953 etsenctitatis
1496 3887 1674 3976 studium,
1703 3904 1818 3960 mente
1845 3895 1888 3959 ad
1915 3911 2036 3959 aarum
2062 3891 2196 3954 intenta

668 4024 741 4070 non
755 4004 925 4088 directum
939 4047 946 4075 .
960 4006 1013 4068 ,ad
1034 4004 1182 4088 pessima
1200 4020 1353 4086 quaeque
1371 4003 1501 4074 ducere.
1516 4005 1644 4090 posse?
1674 4007 1878 4094 Delirantur'
1893 4005 1976 4070 adeo
2005 4004 2087 4087 qui,
2111 4003 2197 4086 quid

672 4131 809 4199 noscat,
833 4143 960 4206 quaeve
989 4130 1107 4188 mente
1129 4121 1382 4204 complectatur
1407 4124 1529 4198 homo,
1559 4121 1703 4205 perinde¹
1720 4119 1868 4198 hahent,
1896 4121 2086 4189 dummodo
2110 4118 2199 4212 hene

674 4241 788 4317 vivat3
808 4257 887 4304 nem
908 4247 1063 4322 separata
1084 4237 1299 4322 conspiciunt
1309 4279 1319 4313 ,
1342 4241 1428 4327 qhae
1450 4238 1680 4308 indissolubili
1695 4238 1832 4306 noculo
1848 4240 1970 4325 juncta
1985 4248 2079 4304 sunt.
2123 4234 2198 4302 Non

674 4357 739 4424 nisi
759 4375 839 4424 vero
856 4359 969 4424 aditus
993 4366 1089 4444 patet
1112 4359 1157 4424 ed
1180 4358 1270 4424 vitae
1297 4358 1529 4426 sanctitatem.
1573 4355 1792 4424 Illustratnm
1820 4381 1892 4426 esse
1912 4366 2052 4443 oportet
2069 4355 2195 4424 maneb

672 4479 833 4555 oculum,
868 4488 904 4543 et
928 4497 1049 4544 serum
1072 4477 1202 4554 ridere,
1224 4486 1269 4551 ,ut
1294 4477 1426 4546 bonnm
1455 4486 1572 4544 cernat
1597 4486 1633 4546 et
1671 4487 1848 4562 sequatur.
1892 4477 2100 4544 Dominatnr
2131 4475 2197 4540 hoc

672 4597 708 4662 in
727 4605 801 4665 tota
819 4595 897 4664 Jesu
926 4607 963 4665 et
980 4594 1226 4680 Apostolorum
1262 4594 1498 4675 institutione3
1528 4596 1761 4680 patefacienda
1787 4595 1931 4664 veritate
1963 4594 2007 4662 ad
2029 4593 2198 4680 moralem

672 4716 917 4801 perfectionem
947 4716 1102 4784 homines
1119 4713 1312 4792 decebant,
1351 4724 1387 4783 et
1402 4713 1551 4784 hamam
1576 4712 1719 4800 generis
1737 4714 1900 4783 exstitere
1928 4715 2194 4786 reformatorest

672 4833 800 4936 quippe
834 4836 963 4904 munde
988 4837 1104 4902 lucem
1139 4832 1358 4926 praebentes-2
1396 4833 1533 4918 Veritas
1572 4842 1648 4922 est,
1681 4833 1733 4901 uti
1769 4834 1841 4924 ipse
1877 4832 1988 4906 June.
2007 4831 2058 4898 ait
2109 4845 2196 4919 quet
