4956 6246
900 757 1182 832 orario.
1760 783 1804 866 aa

276 955 358 1020 adeo
377 961 487 1021 artem
512 955 689 1037 criticam,
706 968 782 1026 tum
804 963 847 1029 ad
867 975 1065 1036 nostrorum
1095 970 1273 1056 denique,
1302 971 1574 1058 quaesivimus,
1604 981 1801 1061 temporum

278 1071 564 1160 intelligentiam,
585 1076 666 1162 quis
688 1090 768 1158 est,
795 1081 855 1167 qui
877 1105 945 1151 non
968 1088 1102 1170 videat3
1125 1101 1166 1157 ut
1195 1092 1278 1157 haec
1296 1091 1437 1155 demum
1460 1092 1629 1159 litteraria
1645 1104 1680 1160 et
1698 1094 1806 1163 histo·

275 1187 345 1254 rica
366 1192 568 1276 methodus,
593 1213 673 1258 oum
692 1220 830 1268 omnem
855 1209 1121 1291 comprehendat
1144 1210 1368 1278 scientiarum
1398 1210 1529 1289 vitam,
1554 1235 1631 1280 vere
1649 1218 1806 1304 gemetica
1899 1297 1903 1307 ,

276 1308 342 1374 dici
375 1311 562 1394 haberique
586 1326 773 1384 mereatur.

280 1465 283 1473 ·
321 1427 409 1496 Ecce
426 1451 571 1516 pensum
593 1430 668 1498 AAl
710 1439 802 1520 quod
830 1441 928 1507 nobis
953 1465 973 1509 a
997 1446 1186 1532 majoribus
1214 1451 1334 1516 datum
1364 1448 1432 1516 estl
1468 1447 1541 1515 Hoc
1559 1472 1680 1538 genere
1696 1452 1806 1518 laudis

275 1546 365 1614 inter
382 1550 531 1636 reliquas
558 1552 714 1640 Europae
749 1567 866 1644 gentes
896 1567 1062 1631 excellere
1089 1569 1188 1634 nobis
1213 1569 1315 1635 licetl
1339 1567 1410 1634 Hoc
1438 1570 1536 1635 nobis
1567 1572 1706 1637 nomine
1729 1592 1807 1638 cara

274 1667 318 1734 sit
344 1672 536 1751 academia,
570 1695 632 1740 nec
660 1675 776 1741 minus
805 1701 881 1744 cara
907 1694 1091 1768 parentum
1124 1688 1290 1772 exemplis
1313 1687 1521 1774 monitisque
1549 1691 1675 1754 tradita
1698 1689 1804 1754 disci-

274 1787 388 1870 plina:
419 1810 523 1874 quam
554 1808 623 1873 quo
665 1794 742 1860 loco
782 1797 931 1867 babeant
965 1809 1142 1890 aequales,
1188 1808 1295 1872 immo
1335 1815 1545 1890 quantopere
1587 1809 1803 1894 vituperent,

273 1905 421 1972 ostendit
449 1908 556 1974 nubes
589 1911 867 1997 ephemeridum,
904 1921 1029 2002 quibus
1066 1922 1167 1986 hodie
1198 1920 1401 1996 obruimur,
1438 1921 1632 2006 quibusque
1668 1926 1803 2010 lepidus

272 2022 409 2106 quidam
442 2025 563 2094 Gallus
603 2029 764 2114 idemque
794 2054 922 2116 procax
950 2059 1019 2099 non
1055 2037 1195 2101 erubuit
1227 2035 1425 2110 vociferari,
1463 2058 1603 2102 omnem
1638 2044 1803 2109 contineri

273 2139 470 2205 scientiam!

319 2254 432 2342 Quare
453 2257 503 2318 sic
526 2258 675 2340 Judicate
698 2255 802 2338 Ala,
827 2263 915 2328 hanc
929 2267 1157 2334 academicam
1174 2269 1403 2340 institutionis
1427 2255 1593 2360 sormam,
1619 2299 1698 2345 vere
1721 2301 1803 2345 eru-

277 2372 408 2447 ditam,
431 2392 509 2436 vere
522 2369 719 2454 classicam,
739 2379 837 2446 nobis
853 2382 908 2467 pie
925 2396 1107 2470 sancteque
1124 2394 1325 2458 servandam
1345 2417 1417 2461 esse
1434 2396 1648 2482 posterisque
1666 2401 1804 2466 traden-

274 2489 364 2554 dam.
410 2486 485 2562 Sic,
508 2494 818 2574 quaemadmodum
838 2503 928 2570 inter
946 2506 1027 2571 alias
1049 2519 1164 2595 gentes
1189 2533 1293 2577 suum
1317 2516 1433 2579 locum
1455 2525 1573 2582 tuetur
1596 2537 1806 2606 perungens

273 2607 500 2688 Batavorum,
532 2611 580 2675 sic
604 2613 694 2679 inter
720 2618 959 2691 universitates
988 2648 1090 2692 suum
1131 2631 1259 2714 pariter
1297 2633 1454 2702 tuebitur
1482 2623 1736 2722 vindicabitque
1766 2647 1802 2702 et

274 2730 390 2795 locum
416 2741 450 2798 et
470 2752 595 2800 nomen
624 2735 796 2804 academia
818 2739 1167 2833 lugduno-Batava!

932 3056 1130 3073 m

315 3313 365 3379 De
387 3313 602 3386 institutione
618 3321 809 3388 academica
828 3321 898 3386 dixi
915 3332 956 3388 ut
976 3324 1074 3407 potui
1096 3343 1134 3388 ac
1155 3321 1278 3398 debui,
1300 3341 1374 3387 eam
1395 3320 1480 3386 mibi
1507 3321 1793 3408 perfectissimam

270 3432 363 3498 illius
387 3435 534 3518 speciem
561 3436 674 3502 animo
702 3440 969 3530 cogitationeque
996 3443 1202 3514 informans,
1235 3443 1406 3527 adquam
1432 3443 1548 3506 omnia
1575 3451 1694 3508 nostra
1715 3461 1802 3506 con-

270 3552 366 3630 silia,
390 3569 528 3619 omnem
547 3565 677 3637 artem,
706 3581 841 3627 omnem
861 3562 1005 3646 denique
1023 3562 1239 3647 disciplinam
1258 3561 1404 3650 dirigere
1429 3571 1581 3627 nostram
1604 3559 1797 3644 oportebit:

269 3690 380 3754 neque
399 3677 537 3755 qualem
555 3677 674 3761 video,
700 3682 757 3746 sed
774 3685 910 3766 qualem
933 3683 1019 3747 mihi
1041 3691 1122 3767 opto
1146 3682 1323 3767 inprimis,
1345 3685 1450 3747 talem
1472 3680 1559 3744 mihi
1579 3681 1669 3746 inter
1684 3680 1798 3740 dicen·

270 3791 354 3856 dum
383 3793 556 3872 proposui.
604 3792 679 3877 Qua
708 3799 847 3880 quidem
877 3800 912 3861 in
946 3822 983 3863 re
1018 3801 1127 3864 sicubi
1161 3821 1369 3881 peccavero,
1412 3821 1471 3865 vos
1504 3799 1612 3873 mihi,
1651 3816 1797 3880 quaese,

270 3904 437 3996 ignoscite
456 3903 535 4002 ¹AA!
566 3930 676 3988 noque
701 3935 757 3978 me
789 3915 946 3992 culpate,
986 3915 1078 3994 quod
1104 3934 1147 3977 ne
1175 3914 1211 3976 in
1239 3913 1303 3978 bac
1329 3915 1468 3998 quidem
1507 3913 1629 3979 aetatis
1660 3923 1797 3976 nostrae

270 4024 493 4114 perversitate
515 4034 550 4089 et
573 4024 743 4091 bonorum
775 4025 970 4090 studiorum
996 4038 1198 4114 contemptu
1223 4033 1264 4095 de
1288 4031 1459 4096 academia
1488 4040 1607 4098 nostra
1629 4028 1799 4114 rebusque

270 4144 469 4214 academicis
492 4144 578 4210 bene
597 4167 733 4232 sperare
760 4142 923 4210 desinam.

311 4269 428 4355 Neque
444 4288 502 4332 vos
526 4238 694 4344 arbitror,¹
722 4267 763 4332 de
781 4265 853 4348 ipsa
881 4264 967 4330 bene
993 4287 1129 4350 sperare
1150 4265 1320 4349 desiistis,
1350 4265 1416 4333 viri
1442 4265 1676 4350 perillustres,
1709 4267 1798 4351 ejus·

271 4393 350 4457 dem
367 4387 572 4456 Curatores!
597 4411 681 4475 quos
701 4389 812 4452 salvos
825 4394 925 4468 atque
942 4385 1128 4450 incolumes
1148 4407 1237 4462 esse,
1263 4388 1430 4452 laetamur
1446 4407 1584 4464 omnes,
1604 4406 1796 4452 voscorum

267 4509 436 4593 majorum
449 4529 677 4582 successores,
707 4504 765 4592 qui
786 4505 834 4568 sic
854 4503 983 4586 optime
1010 4504 1199 4570 academiae
1223 4508 1372 4573 salutem
1392 4527 1511 4572 curare
1538 4505 1744 4582 censebant,
1766 4505 1795 4570 si

268 4623 475 4713 Scaligeros,
502 4627 531 4691 si
553 4623 752 4702 Salmasius,
777 4624 806 4688 si
829 4621 1000 4708 principes
1029 4623 1228 4714 litterarum
1246 4626 1386 4703 herois,
1409 4625 1527 4709 quovis
1550 4625 1666 4710 pretio
1691 4643 1794 4690 eum-

270 4745 402 4829 misque
422 4746 609 4812 honoribus
635 4747 678 4812 ad
705 4765 766 4808 nos
793 4751 834 4808 ut
858 4742 1037 4820 venirent,
1068 4743 1289 4816 invitassents
1322 4764 1390 4828 quo
1418 4745 1551 4808 factum
1580 4752 1649 4820 est,
1689 4751 1730 4807 ut
1749 4743 1791 4806 ab

1358 4862 1389 4927 D
