4956 6246
675 795 716 859 su
906 767 911 776 '
996 771 1888 860 d1nu0arssau1vuuoaia

675 1002 852 1066 mentum,
882 999 918 1056 et
947 989 1020 1073 ipsa
1046 1011 1101 1056 ars
1126 991 1309 1062 omnibus,
1337 989 1446 1076 iisque
1473 991 1747 1075 perfectissimis,
1789 997 1997 1083 adjumentis
2030 999 2200 1072 instructa

674 1120 738 1178 est.
783 1105 942 1194 Cumque
977 1110 1019 1173 ad
1057 1111 1314 1199 horologiorum
1351 1105 1489 1197 partes,
1527 1121 1605 1180 tum
1641 1117 1807 1202 majores,
1847 1126 1925 1183 tum
1960 1109 2197 1202 comissimus,

543 1321 547 1327 .
671 1229 919 1305 conficiendas,
972 1228 1174 1306 machinae,
1226 1229 1495 1318 ingeniosissime
1553 1232 1789 1319 excogitatae,
1843 1233 1999 1321 itemque
2045 1241 2200 1308 subtilis·

673 1351 760 1417 sima
797 1349 1049 1417 instrumenta,
1079 1345 1368 1425 desiderarentur,
1404 1350 1531 1414 horum
1562 1348 1716 1416 inventio
1747 1349 1777 1416 si
1805 1351 2013 1429 artificibus,
2043 1365 2080 1421 at
2109 1367 2200 1425 certe

672 1469 836 1554 perfectio
856 1477 915 1533 aut
950 1466 1062 1550 ratio,
1095 1465 1205 1533 instar
1250 1469 1536 1555 geometricorum
1576 1469 1890 1537 instrumentorum
1926 1472 2034 1558 magis
2064 1485 2199 1551 exacta,

673 1606 834 1675 magnam
867 1596 1001 1674 partem
1030 1587 1353 1656 mathematicarum
1389 1609 1428 1655 cc
1459 1585 1683 1675 physicarum
1716 1587 1976 1674 disciplinarum
2005 1591 2201 1660 doctoribus

674 1706 831 1773 debetur.

718 1822 783 1890 Sed
820 1825 905 1889 haec
931 1824 1117 1908 praesidia,
1153 1825 1337 1908 omniaque
1365 1824 1428 1889 illa
1459 1826 1561 1891 unius
1589 1825 1674 1894 artis
1699 1827 1836 1896 inventa
1865 1849 1905 1896 eo
1929 1829 2026 1896 nobis
2050 1842 2199 1916 praesta·

672 1945 795 2010 biliora
810 1952 1000 2029 apparent,
1025 1942 1054 2006 si
1073 1939 1344 2014 consideremus,
1371 1957 1476 2020 quam
1502 1941 1616 2004 multa
1633 1943 1701 2007 elia
1720 1963 1887 2012 novarum
1906 1947 2199 2013 artiumsubsidiu

674 2063 793 2126 exinde
820 2069 897 2124 orta
922 2068 958 2122 et
989 2065 1170 2141 procreata
1198 2056 1279 2118 sint.
1333 2049 1418 2137 Quis
1445 2054 1536 2119 enim
1559 2053 1708 2140 ignorat,
1731 2060 1914 2124 durissima
1928 2084 1966 2126 ac
1986 2055 2201 2128 tenacissima

673 2177 832 2257 metella,
870 2193 975 2258 quam
1014 2173 1132 2250 facile,
1162 2173 1221 2237 sed
1247 2169 1397 2238 mutnet
1419 2183 1512 2249 arte,
1541 2173 1641 2238 hodie
1671 2173 1714 2238 ad
1741 2173 1954 2258 multiplices
1980 2199 2198 2266 quoscunque
2288 2225 2292 2232 -

673 2295 813 2362 habitus
839 2303 875 2359 et
903 2291 1050 2369 formas,
1083 2302 1343 2376 temperentur,
1384 2291 1596 2359 fabricentur
1625 2302 1660 2359 et
1690 2291 1787 2378 quasi
1814 2292 2013 2378 fingantur,
2047 2297 2198 2386 itemque

674 2433 779 2498 quam
803 2413 935 2477 multae
955 2409 1154 2485 machinae,
1174 2415 1358 2493 apparatus
1379 2415 1414 2474 et
1429 2407 1720 2485 constructiones,
1743 2427 1829 2492 quae
1846 2413 2051 2497 plerumque
2068 2417 2200 2504 ligneae

674 2542 791 2610 erant,
815 2551 907 2594 nunc
936 2529 1007 2594 sint
1036 2529 1187 2598 ferreae,
1214 2536 1276 2593 aut
1302 2549 1321 2592 e
1343 2527 1487 2593 diversis
1507 2527 1658 2594 metallis
1676 2527 1771 2594 duris
1788 2549 1945 2595 excussae
1964 2541 2000 2596 et
2016 2535 2195 2615 conflatae,

673 2649 830 2734 quamvis
855 2647 1049 2723 interdum,
1075 2655 1218 2731 propter
1246 2645 1362 2731 ingens
1387 2645 1540 2729 pondus,
1560 2645 1615 2711 vix
1632 2645 1707 2712 fieri
1724 2645 1876 2729 potuisse
1895 2649 2061 2716 videatur.
2092 2647 2198 2742 Hujus

672 2780 788 2836 autem
813 2789 942 2843 novae,
969 2765 1136 2848 hodieque
1165 2773 1237 2830 tam
1262 2763 1434 2848 perfectae
1463 2761 1546 2831 artis
1563 2763 1677 2849 prima
1694 2763 1862 2843 subsidia,
1886 2789 1926 2833 ex
1945 2767 2009 2832 illi
2023 2770 2197 2840 subtiliori

673 2898 748 2953 arte
777 2886 1031 2970 horologiorum
1057 2855 1344 2962 conficiendorum
1373 2881 1514 2948 omnino
1543 2884 1701 2949 desumto
1733 2893 1827 2950 sunt.
1870 2882 2062 2970 Nimirum,
2087 2911 2197 2974 quum

674 3023 792 3068 versus
821 3003 925 3065 finem
958 3000 1187 3084 praecedentis
1217 2997 1364 3075 saeculi,
1401 3002 1649 3078 metallorum,
1683 2999 1854 3083 imprimis
1881 3004 1980 3080 ferri,
2016 3007 2197 3089 perfectior

674 3120 854 3186 fabricatio
873 3139 1012 3203 prorsus
1032 3117 1484 3195 desiderabatur,continuo
1503 3121 1724 3206 quamplures
1738 3115 1915 3186 machinae
1923 3129 1959 3185 et
1969 3120 2197 3192 instrumenta

675 3237 848 3305 adhibitae
858 3245 963 3312 sunt,
979 3239 1021 3302 ad
1032 3237 1164 3302 ferrum
1181 3239 1447 3323 perforandum,
1465 3241 1714 3316 excusandum,
1732 3239 1941 3305 tornandum
1953 3285 1963 3315 ,
1977 3241 2194 3328 poliendum,

674 3360 944 3444 explanandum,
963 3357 1206 3442 scalpendum,
1221 3329 1439 3443 castaeque,
1458 3393 1504 3406 -
1518 3358 1711 3442 harumque
1729 3358 1890 3424 formast
1906 3340 2074 3428 ordinatio
2085 3365 2196 3447 prime

673 3478 762 3544 nihil
798 3475 937 3543 omniuo
973 3475 1175 3542 differebant
1206 3473 1249 3539 ab
1284 3473 1375 3558 illis,
1408 3474 1533 3561 quibus
1561 3475 1763 3542 constabant
1790 3475 1988 3543 subtiliores
2013 3480 2194 3564 multoque

672 3584 821 3662 minor'es
851 3593 1044 3672 machinae,
1072 3595 1324 3682 jamdudum,
1352 3594 1395 3660 ad
1426 3594 1684 3682 horologiorum
1709 3605 1823 3680 partes
1854 3595 2068 3662 tenuissimas
2099 3615 2196 3662 exac-

675 3716 806 3782 tissime
835 3724 870 3781 et
896 3714 1124 3783 subtilissime
1147 3710 1388 3790 conficiendas,
1411 3713 1596 3780 adhibitae.
1632 3712 1686 3780 Ita
1705 3713 1846 3800 quidem
1861 3716 1989 3800 prodiit
2013 3715 2196 3783 utilissima

673 3859 748 3921 ars,
784 3839 881 3924 cujus
913 3835 1064 3902 subsidia
1098 3832 1218 3898 deinde
1255 3832 1441 3898 admodum
1471 3843 1554 3902 sunt
1583 3843 1703 3911 aucta,
1731 3853 1905 3918 quaeque,
1941 3833 1985 3898 ob
2016 3853 2196 3900 commune

673 3954 845 4016 variarum
870 3955 1000 4015 artium
1025 3953 1226 4025 vinculum,
1251 3953 1294 4016 ad
1318 3953 1589 4020 aliaiadustriae
1609 3971 1712 4032 opera
1734 3960 1770 4014 et
1788 3947 1947 4008 instituta
1968 3945 2194 4024 perficienda,

674 4076 714 4133 ut
737 4074 772 4131 et
791 4065 1015 4148 procreanda,
1040 4081 1156 4127 causas
1175 4063 1282 4126 dedit.
1306 4119 1310 4128 ,

718 4179 764 4247 Et
788 4179 893 4244 simili
919 4181 996 4248 fere
1024 4181 1127 4246 modo
1160 4182 1421 4248 commemorari
1448 4189 1579 4268 potest,
1607 4189 1735 4268 quanta
1764 4179 1944 4250 commoda
1965 4190 2001 4248 et
2025 4181 2133 4260 boon,
2153 4207 2194 4252 ax

673 4319 711 4364 ec
739 4307 816 4364 orta
837 4295 923 4373 sint,
952 4299 1044 4380 quod
1072 4297 1417 4376 mathematicorum,
1445 4309 1720 4368 astronomorum
1742 4307 1777 4364 et
1792 4299 2016 4384 physicorum
2043 4305 2191 4372 maxime

670 4437 804 4500 semper
826 4415 1040 4491 interfuerit,
1062 4427 1103 4484 ut
1119 4415 1259 4496 omnia,
1274 4436 1377 4501 quae,
1392 4418 1428 4484 iu
1445 4419 1603 4486 scientiae
1623 4438 1743 4496 usum,
1770 4435 1856 4501 opus
1874 4428 1956 4487 sunt
1977 4421 2191 4509 adjumenta,

672 4536 697 4602 i.
728 4557 757 4602 e.
788 4536 1016 4600 iustrumenta
1045 4545 1079 4600 et
1104 4544 1305 4619 apparatus,
1337 4535 1486 4600 maximi
1509 4529 1705 4605 subtilitate
1730 4551 1771 4609 et
1800 4538 2012 4608 accuratione
2040 4541 2193 4609 ordinata

673 4664 910 4740 ostentatque
935 4660 1143 4738 comparata.
1188 4647 1322 4736 Quanti
1349 4651 1455 4739 igitur
1478 4653 1651 4743 diligentia
1674 4667 1709 4724 et
1730 4658 1855 4746 opera,
1884 4670 1961 4726 tum
1990 4659 2192 4748 geometriae

672 4785 706 4842 et
727 4777 971 4852 astronomiae,
994 4797 1074 4844 cum
1093 4769 1264 4862 imprimis
1283 4769 1388 4846 etiam
1414 4775 1562 4864 optices,
1586 4774 1707 4846 deinde
1725 4779 1881 4866 physices
1900 4777 2017 4848 studio
2033 4777 2193 4863 prodesse
