4956 6246
914 701 1189 772 stallo
1419 743 1422 752 ,
1772 713 1816 784 ῃ

279 913 391 1016 priam
410 911 445 973 in
460 907 635 974 sociorum
658 908 769 974 salute
791 919 1058 996 propugnantes.
1089 907 1202 996 Atque
1220 926 1259 974 eo
1278 905 1500 994 potissimum
1522 904 1816 984 consiliaseaatus

279 1031 339 1096 ille
366 1029 600 1114 academicae,
631 1029 686 1094 cui
707 1052 860 1115 praeesse
882 1033 968 1101 mihi
994 1032 1119 1109 licuit,
1143 1030 1351 1098 constitutus
1381 1035 1452 1102 est,
1477 1033 1518 1093 ut
1543 1025 1632 1090 hanc
1657 1045 1815 1100 comm

278 1171 358 1216 nem
375 1149 627 1216 vindicaremus
649 1151 858 1236 reipublicae
880 1159 1039 1221 salutem.
1084 1153 1172 1222 Nam
1193 1161 1335 1238 patrum
1365 1149 1571 1215 auctoritate
1598 1147 1728 1222 sancita
1748 1167 1814 1220 ron

281 1280 351 1338 cst:
385 1267 563 1336 eoncordia
581 1291 637 1334 ree
648 1291 776 1356 parrae
800 1285 968 1348 mereunt,

326 1390 399 1458 Hoc
431 1390 535 1456 etiam
564 1391 703 1456 nomine
738 1400 772 1458 te
816 1394 1011 1478 compello,
1041 1390 1247 1461 amicissime
1275 1411 1342 1457 rau
1381 1384 1513 1457 Oordtl
1559 1387 1620 1472 qai
1656 1389 1702 1454 ad
1729 1389 1817 1460 hauc
1935 1479 1939 1490 ι

281 1505 461 1573 nobiscum
494 1508 658 1579 tuendam
687 1508 861 1594 rempubl.
888 1512 981 1580 acad.
1018 1511 1159 1584 vocaris.
1207 1509 1254 1576 Te
1282 1527 1386 1592 quum
1440 1517 1585 1594 gratum
1627 1507 1713 1572 mihi
1748 1507 1823 1584 sits

282 1628 447 1714 collegam
468 1629 689 1726 ejusdemque
710 1629 900 1696 academiae
925 1630 1035 1697 civem
1055 1629 1208 1718 alloqui,
1236 1603 1338 1696 autea
1365 1646 1425 1709 per
1446 1625 1579 1692 litteras
1598 1624 1812 1712 significari,

281 1768 372 1822 nunc
400 1747 539 1832 publice
574 1757 695 1822 testor.
740 1747 856 1830 Nosti,
891 1752 943 1818 vir
972 1751 1126 1838 optimel
1157 1771 1242 1837 quae
1272 1749 1315 1814 ab
1342 1744 1486 1812 ineunte
1505 1749 1690 1834 juventute
1724 1744 1814 1824 aare

283 1885 345 1931 nos
369 1867 540 1934 exstiterit
561 1869 757 1966 studiorum
779 1881 814 1941 et
837 1872 1032 1940 animorum
1055 1871 1289 1938 necessitudo:
1314 1885 1418 1952 quam
1442 1865 1537 1942 anxit
1567 1865 1689 1942 deiude
1719 1883 1811 1934 φιν

277 1984 396 2066 munis
421 1984 561 2060 Heusdii
586 1982 695 2057 amor.
743 1989 797 2058 Aa
817 1968 905 2060 tanti
927 1989 992 2056 uiri
1007 2011 1134 2058 nomeu
1158 1987 1272 2050 animo
1289 2001 1547 2056 commoremur
1567 1981 1683 2051 aruba·
1729 1981 1812 2066 Quis

280 2122 436 2188 unquam
463 2108 569 2173 homo
600 2109 670 2175 suit
711 2107 819 2192 magis
851 2103 1048 2172 humanus?
1091 2101 1175 2188 Quis
1211 2099 1343 2186 pulcri,
1376 2094 1465 2178 ueri,
1508 2094 1590 2162 boni
1617 2095 1812 2172 amantur?

281 2213 385 2310 Sique
431 2220 615 2305 sapientiae
662 2238 778 2285 amore
821 2239 860 2285 ac
900 2220 1015 2286 studio
1043 2221 1297 2304 philosophiam
1325 2217 1540 2306 juuliccmua,
1588 2214 1664 2298 quit
1704 2213 1812 2300 mgis

278 2334 527 2427 philosophas?
564 2333 617 2403 Tu
641 2337 755 2413 anima
781 2340 916 2408 sanctal
940 2344 1032 2415 baud
1059 2342 1188 2418 inuitus
1213 2341 1300 2412 illuc
1327 2335 1503 2426 migrasti,
1531 2355 1599 2419 (111⁰
1629 2339 1811 2420 palatum,

278 2475 400 2522 verum
412 2499 425 2532 ,
451 2454 579 2522 honum
603 2474 666 2520 suo
689 2461 871 2542 splendore
890 2463 1029 2528 lucent:
1053 2463 1090 2533 in
1111 2463 1229 2534 basam
1252 2461 1352 2536 alas,
1377 2456 1415 2520 in
1436 2475 1519 2539 (1⁰⁸⁸
1546 2463 1665 2525 ”⁸⁸¹1oe
1687 2452 1813 2541 ⁰⁰85&

282 2575 440 2658 tionequc
479 2576 657 2654 tendebas,
698 2576 864 2664 Socratis,
908 2583 1077 2666 Platonis,
1114 2581 1310 2656 Ciceronis,
1347 2594 1589 2665 germanorum
1626 2573 1810 2658 sapientiae

281 2693 492 2773 amicorum,
526 2699 634 2762 sedes.
680 2695 746 2764 Nos
772 2701 821 2766 ita
850 2701 902 2768 tui
923 2704 1128 2770 memoriam
1151 2704 1327 2776 colemus,
1359 2705 1400 2759 ‘ut
1424 2693 1538 2758 animo
1563 2695 1599 2756 in
1627 2695 1809 2758 veritatem

281 2831 466 2889 converso,
491 2822 615 2892 tuum,
645 2819 737 2900 quod
763 2820 860 2886 nobis
883 2822 1091 2886 imitandum
1118 2817 1312 2904 reliquisti,
1336 2812 1537 2896 sequamur*
1546 2811 1741 2894 exemplar!

325 2930 377 2995 Tu
396 2951 531 3014 quoque
550 2932 636 2996 mihi
658 2941 916 3022 compellandus
938 2965 972 3008 es
1000 2939 1051 3007 Cl.
1079 2936 1246 3008 Verdam!
1274 2937 1397 3002 dilecte
1424 2932 1537 2995 nostri
1563 2926 1702 2995 Gelderi
1730 2928 1808 2992 dis-

281 3046 418 3132 ⁰iP¹1102
450 3058 547 3146 lanto
568 3053 733 3138 magistro
754 3055 930 3144 perdigne!
978 3057 1030 3122 Tu
1057 3053 1269 3142 praeceptori
1298 3063 1359 3119 tuo
1390 3067 1561 3115 successor
1588 3048 1706 3119 datus,
1729 3045 1810 3110 huic
1924 3045 1935 3064 ‘

280 3167 329 3232 ita
356 3168 532 3245 succedas,
563 3179 603 3234 ut
631 3171 727 3238 illius
757 3177 869 3242 otium
898 3197 978 3242 cum
1000 3177 1166 3264 dignitate
1194 3174 1262 3242 tuis
1289 3171 1386 3237 nobis
1410 3167 1586 3232 laboribus
1609 3185 1809 3248 compenses

280 3305 410 3370 uosque
422 3290 571 3352 alterum
586 3289 684 3354 nobis
696 3288 889 3380 *Gelderum
907 3297 1027 3366 datum
1047 3317 1136 3372 csse,
1157 3303 1190 3358 te
1207 3288 1379 3357 mathesin
1398 3288 1560 3359 docente,
1586 3278 1808 3370 gaudeamus!

324 3397 371 3473 Et
399 3407 495 3473 robis
520 3431 649 3476 novum
679 3433 806 3478 munus
830 3422 1068 3502 gratulamur,
1104 3411 1326 3482 eruditissimi
1356 3407 1421 3474 viri
1443 3409 1585 3492 juvenes
1617 3401 1810 3487 Meursinge

279 3536 315 3592 et
343 3526 544 3613 Hoogvliet!
575 3527 749 3616 Weijersii
777 3535 909 3611 nostri,
942 3533 1061 3620 Legati
1099 3529 1321 3602 Warneriani
1358 3525 1585 3610 interpretis,
1620 3517 1810 3610 adjutores!

281 3642 331 3710 Ut
347 3645 407 3710 ille
426 3648 561 3711 scholae
581 3645 849 3716 Hamakerianae
869 3653 970 3717 decus
992 3661 1045 3718 est
1070 3660 1105 3716 et
1125 3658 1387 3730 ornamentum,
1419 3647 1467 3710 ita
1483 3665 1542 3711 ros
1566 3643 1647 3708 estis
1668 3642 1809 3707 eximiae

280 3760 379 3827 nobis
397 3761 593 3844 disciplinae
611 3764 856 3851 Weijersianae
882 3779 998 3833 testes.
1045 3765 1099 3832 Sic
1117 3768 1204 3832 vivit
1222 3769 1313 3830 inter
1335 3786 1396 3830 nos
1427 3775 1462 3830 et
1495 3772 1662 3847 perennat
1683 3759 1808 3825 nobilis

279 3879 498 3968 eruditorum
512 3879 701 3962 progenies.
746 3881 801 3948 Sic
820 3884 1069 3967 discipulorum
1086 3881 1212 3963 pietate
1229 3889 1492 3964 praeceptorum
1509 3890 1688 3945 tantorum
1708 3879 1807 3963 digne

282 3999 408 4065 colitur
430 3991 614 4060 memorial

325 4117 441 4185 Etiam
465 4139 543 4201 opes
563 4125 699 4183 nostrae
719 4119 783 4182 hoc
799 4137 887 4183 anno
906 4120 1061 4183 multum
1081 4116 1318 4183 increverunt:
1341 4127 1418 4183 tum
1441 4118 1672 4186 Bibliothecae
1692 4118 1809 4204 publi·

282 4259 361 4320 cae,
388 4259 474 4323 quae
507 4247 608 4302 aucta
640 4245 691 4302 est
729 4233 835 4300 Codd.
861 4232 954 4300 MSS.
992 4232 1227 4300 Orientalibus
1262 4237 1436 4323 sexaginta
1469 4240 1622 4322 duobus,
1651 4261 1807 4307 necnon

282 4353 382 4420 docto
404 4353 524 4418 labore
555 4354 821 4419 duumvirorum
851 4351 1155 4419 meritissimorum
1181 4352 1392 4440 Kraijenhoff
1409 4365 1443 4422 et
1470 4358 1511 4424 de
1533 4357 1674 4434 Gelder,
1703 4378 1808 4443 quaem

278 4473 381 4558 justis
419 4474 580 4539 encomiis
614 4473 822 4558 praedicavit
862 4473 994 4555 peritus
1038 4476 1163 4539 harum
1213 4461 1329 4541 'rerum
1365 4475 1491 4564 judex,
1532 4475 1807 4562 Uylenbroekius

280 4601 415 4672 noster;
440 4601 517 4657 turn
535 4591 643 4657 Musei
659 4591 930 4668 numismatum,
954 4590 1008 4657 cui
1029 4602 1245 4660 accesserunt
1271 4603 1343 4660 tam
1365 4605 1526 4677 moneta,
1550 4618 1655 4686 quam
1670 4597 1806 4662 nummi

280 4710 519 4784 memoriales.
546 4709 617 4777 sire
638 4711 815 4791 historici,
841 4711 964 4798 insigni
985 4719 1141 4778 numero.
