4956 6246
925 675 1208 796 onarrc.
1788 731 1829 793 rr

304 933 580 1022 pronunciantia,
616 953 685 999 non
709 941 847 1000 tantum
873 931 1002 1016 scripta
1032 935 1182 1000 humana
1209 933 1333 1000 divinis
1358 932 1601 1014 aequiparare,
1641 933 1700 994 sed
1728 935 1830 998 etiam

304 1055 460 1119 ecclesiae
479 1052 761 1118 consuetudinem
777 1048 936 1130 veritati,
960 1070 1040 1114 nam
1062 1052 1186 1120 veritas
1207 1062 1260 1118 est
1281 1049 1385 1116 rebus
1400 1046 1559 1114 omnibus
1588 1049 1832 1130 praeponenda.

348 1167 403 1234 Sic
432 1169 538 1256 igitur
566 1169 814 1257 intelligimus,
848 1166 932 1250 quid
957 1166 1131 1250 primum,
1163 1164 1248 1249 quid
1277 1163 1485 1248 primarium
1521 1162 1567 1228 sit
1597 1163 1632 1225 in
1652 1161 1833 1251 Theologia

304 1297 339 1355 at
362 1289 398 1354 in
417 1288 511 1356 omni
529 1309 568 1356 re
589 1286 792 1355 Christiana.
815 1285 928 1369 Atque
942 1284 1007 1350 hoc
1026 1304 1162 1369 quoqne
1178 1293 1295 1350 nostra
1311 1289 1421 1376 aetate
1442 1281 1695 1348 observandum
1716 1291 1832 1347 tenen·

302 1404 453 1490 dumque
482 1416 658 1490 putamus.
705 1403 774 1471 Nec
799 1405 924 1470 desunt
952 1401 1043 1467 enim
1070 1401 1135 1467 riri
1165 1401 1264 1485 probi
1292 1399 1430 1481 verique
1462 1409 1634 1471 amantes,
1662 1400 1833 1482 iidemque

303 1523 393 1606 pacis
422 1533 457 1588 et
484 1525 682 1590 concordiae
699 1522 848 1588 maxime
865 1521 1030 1597 studiosi,
1049 1521 1128 1607 qui,
1146 1519 1313 1586 laudabili
1333 1521 1398 1583 hoc
1414 1517 1535 1585 studio
1548 1515 1700 1600 abrepti,
1715 1535 1833 1599 pacem

302 1646 336 1702 et
361 1640 597 1718 concordiam,
630 1641 919 1727 tranquillitatem
947 1639 1106 1705 ecelesiae
1130 1649 1171 1704 ut
1189 1659 1367 1706 summum
1387 1638 1518 1702 bonum
1546 1637 1758 1704 considerare
1779 1636 1832 1701 vi-

302 1759 438 1825 dentur.
485 1759 555 1826 Hoc
583 1762 795 1830 sectantibus
819 1761 870 1826 nil
894 1759 1003 1844 magis
1024 1760 1213 1823 carendum
1230 1759 1386 1832 ridetur,
1410 1778 1515 1841 quam
1537 1777 1654 1840 pacem
1675 1755 1832 1823 turbares

303 1877 353 1942 nil
376 1880 581 1965 optabilius,
603 1903 709 1968 quam
724 1892 766 1948 ut
781 1881 943 1946 sedentur
962 1877 1020 1958 qui
1036 1875 1228 1940 exstiterint
1246 1872 1640 1956 motus3tranquillitati
1650 1874 1831 1940 servandae

302 1995 395 2060 omni
417 2018 522 2082 opera
550 2000 750 2065 enitendum
774 2016 863 2070 esse,
886 1994 1131 2078 pronunciant,
1154 1994 1203 2056 ita
1221 1993 1382 2074 quidem,
1408 2001 1449 2055 ut
1470 2011 1594 2071 parum
1615 1990 1723 2071 absit,
1748 1992 1831 2070 quin

304 2113 524 2195 prudentiam
548 2116 642 2180 hunc
667 2115 704 2178 iu
731 2117 836 2178 linem
858 2113 1021 2175 collatam
1045 2108 1110 2190 ipsi
1130 2129 1210 2172 aero
1236 2109 1398 2175 sectando
1416 2125 1623 2190 praeponere
1639 2107 1829 2172 videantur.

169 2265 178 2282 ·
303 2226 370 2296 Itos
396 2242 532 2307 autem,
556 2231 777 2312 quantumuis
797 2229 889 2312 pacis
907 2226 1072 2303 studiosi,
1093 2249 1136 2292 na
1158 2228 1318 2293 ecclesiae
1343 2227 1634 2310 tranquillitatem
1652 2248 1831 2294 surnrnum

304 2347 436 2412 bonum
467 2367 538 2411 ease
567 2354 747 2427 putemus;
780 2344 915 2428 saepius
945 2342 1081 2426 quietus
1108 2353 1160 2411 est
1191 2355 1323 2422 status,
1361 2343 1489 2429 quippe
1514 2343 1619 2409 morti
1637 2344 1829 2428 proximum

306 2464 341 2527 in
368 2461 447 2546 ipsis
476 2460 628 2528 motibus
656 2462 727 2528 rita
758 2459 978 2545 conspicitur.
1024 2459 1155 2528 Verum
1176 2459 1212 2526 in
1235 2460 1394 2528 omnibus
1414 2460 1615 2526 sectandum
1636 2469 1708 2536 est,
1729 2471 1831 2543 atque
1904 2505 1910 2514 ·

303 2578 384 2678 huic
406 2579 461 2643 rel
484 2578 557 2664 ipsa
583 2599 651 2663 par
677 2581 835 2649 acclesiae
855 2577 1097 2664 posthabenda.
1143 2579 1215 2646 Hoc
1240 2579 1332 2647 enim
1353 2577 1463 2646 voluit
1483 2574 1661 2654 Christus,
1681 2578 1740 2662 qui
1762 2597 1831 2642 »ne

306 2693 557 2772 existimetis,»
572 2694 714 2778 inquit,
748 2716 835 2761 »me
865 2695 996 2762 venisse
1026 2706 1066 2762 ut
1091 2717 1210 2782 pacem
1237 2707 1348 2764 terrae
1380 2693 1624 2762 immitterem:
1657 2717 1726 2762 nou
1752 2696 1829 2760 veni

303 2831 420 2896 pacem
449 2813 666 2880 immissurus
687 2816 746 2880 sed
768 2813 1030 2880 dissensiones.»
1077 2813 1122 2881 Et
1144 2838 1224 2882 sane
1249 2818 1359 2900 qualis
1376 2826 1464 2883 esset
1483 2817 1642 2882 ecclesiae
1663 2814 1831 2882 Christia-

304 2949 366 2996 nae
390 2929 560 3007 couditio,
583 2931 612 2996 si
634 2934 707 3017 jam
729 2933 862 3018 pridem
884 2933 1103 3000 conciliandis
1125 2936 1323 3002 hominibus
1346 2935 1453 3022 magis
1473 2953 1578 3017 rpuam
1599 2951 1698 2998 verae
1715 2933 1830 2998 Euan-

304 3047 384 3134 gelii
407 3049 533 3115 rationi
552 3051 770 3134 explicandae
792 3059 827 3118 et
847 3050 1065 3117 vindicandae
1086 3052 1212 3120 Paulus
1237 3052 1423 3138 Apostolus
1445 3053 1649 3130 studuisset3
1668 3053 1698 3118 si
1715 3053 1830 3139 magni

307 3165 432 3248 quique
457 3165 615 3252 deinceps
643 3167 726 3245 riri,
761 3169 790 3234 si
814 3171 951 3236 saeculo
985 3166 1042 3236 16·
1070 3157 1322 3238 Reformatorea
1354 3193 1473 3256 pacem
1503 3173 1662 3240 ecclesiae
1690 3171 1829 3240 turbare

307 3283 544 3352 metuissentll
583 3285 630 3353 dt
658 3287 742 3374 qnid
770 3286 895 3372 plural
909 3311 914 3321 ·
927 3287 1040 3374 Quam
1070 3292 1182 3358 voluit
1215 3290 1391 3373 Christus,
1425 3311 1529 3376 quam
1558 3291 1680 3358 sectari
1706 3287 1830 3356 dehent

308 3397 492 3494 Christiani
520 3426 639 3472 omnes
669 3404 856 3482 unitatem,
885 3408 969 3474 haec
994 3430 1064 3475 non
1090 3421 1143 3478 est
1168 3411 1418 3478 sententiarum
1446 3418 1484 3474 et
1499 3410 1725 3492 opinionum,
1747 3429 1828 3492 qua·

306 3539 386 3584 rum
418 3542 487 3588 non
513 3533 630 3609 potest
651 3545 720 3590 non
745 3524 927 3604 esseinter
945 3527 1100 3594 homines
1116 3529 1183 3593 sibi
1201 3529 1389 3615 cogitantes
1408 3547 1533 3614 magna
1553 3527 1748 3601 diversitas3
1771 3527 1830 3590 sed

308 3637 474 3719 ejusmodi
502 3647 542 3703 ut
571 3641 608 3702 in
632 3639 706 3724 ipsa
723 3644 787 3707 hac
803 3641 1021 3720 diversitate,
1045 3647 1165 3710 eodem
1182 3667 1300 3720 omnes
1321 3644 1454 3730 Spiritu
1475 3643 1628 3710 raritatis
1650 3652 1686 3707 et
1704 3641 1828 3722 amoris

306 3749 435 3816 imbuti
451 3751 521 3818 sint
543 3763 579 3818 et
600 3756 782 3820 ducantur.
828 3755 916 3820 Huic
939 3767 1011 3822 tam
1033 3762 1132 3842 longe
1152 3760 1267 3842 abest,
1293 3768 1332 3825 ut
1351 3757 1422 3823 reri
1437 3757 1594 3820 studium
1617 3755 1727 3830 obsit,
1751 3766 1828 3820 ute

306 3867 478 3932 contrario
499 3868 565 3932 hoc
585 3869 648 3934 illa
665 3873 838 3955 postulet,
863 3872 986 3958 illique
1005 3876 1253 3957 promovendae
1271 3877 1337 3952 hoc
1359 3872 1508 3940 maxime
1529 3873 1702 3940 inserviat.
1734 3873 1830 3938 Tunc

306 3984 446 4049 demum
477 3982 566 4048 inter
593 4005 629 4048 se
653 4006 732 4051 vere
758 3987 954 4070 conspirant
973 3987 1179 4062 Christiani,
1204 3997 1340 4076 quando
1355 4015 1491 4067 omnes,
1518 4015 1639 4060 verum
1659 3993 1695 4058 in
1714 4014 1828 4058 amore

306 4111 495 4180 sectantes,
520 4102 744 4186 perficiantur
770 4102 917 4188 inipso,
942 4107 1132 4192 quitatius
1151 4111 1312 4178 ecclesiae
1336 4121 1439 4196 caput
1457 4122 1530 4189 est,
1554 4113 1663 4200 gratia
1687 4122 1721 4180 et
1740 4115 1829 4184 ¹veri·-

308 4227 378 4284 tate
397 4217 588 4299 abundans,
607 4242 733 4309 nempe
751 4219 830 4289 lesu
848 4219 999 4294 Christo.

354 4569 512 4639 Perorata
546 4583 598 4642 est
622 4597 739 4656 causa,
765 4580 807 4649 Δ.
838 4579 900 4649 ΔΛ
931 4580 1032 4668 Quod
1057 4587 1149 4654 enim
1180 4590 1223 4654 ad
1253 4607 1327 4656 sam
1359 4594 1530 4676 pertinere
1557 4615 1626 4662 non
1656 4598 1830 4662 immerito

312 4687 527 4769 existimatis,
558 4704 599 4759 ut
630 4695 735 4763 etiam
762 4702 934 4786 quomodo
958 4701 999 4765 in
1024 4724 1105 4771 vero
1130 4705 1231 4781 unice
1255 4711 1414 4778 sectando
1431 4715 1634 4782 versandum
1654 4715 1702 4780 sit
1719 4715 1831 4778 Theo-

311 4810 390 4893 logo
418 4809 608 4890 declarem,
640 4815 705 4897 hoc
730 4815 759 4882 si
786 4817 1016 4901 explicaturus
1046 4821 1133 4900 sim,
1165 4845 1254 4896 nora
1279 4827 1493 4913 proferenda
1506 4832 1736 4900 essetoratio.
1781 4825 1829 4894 Ne
