<?xml version="1.0" encoding="UTF-8"?>
<!DOCTYPE html PUBLIC "-//W3C//DTD XHTML 1.0 Transitional//EN"
    "http://www.w3.org/TR/xhtml1/DTD/xhtml1-transitional.dtd">
<html xmlns="http://www.w3.org/1999/xhtml" xml:lang="en" lang="en">
 <head>
  <title>
</title>
<meta http-equiv="Content-Type" content="text/html;charset=utf-8" />
  <meta name='ocr-system' content='tesseract 3.04.00' />
  <meta name='ocr-capabilities' content='ocr_page ocr_carea ocr_par ocr_line ocrx_word'/>
</head>
<body>
  <div class='ocr_page' id='page_1' title='image "annalesacademic10unkngoog_0052.png"; bbox 0 0 4956 6246; ppageno 0'>
   <div class='ocr_carea' id='block_1_1' title="bbox 928 643 1827 772">
    <p class='ocr_par' dir='ltr' id='par_1_1' title="bbox 928 643 1827 772">
     <span class='ocr_line' id='line_1_1' title="bbox 928 643 1827 772; baseline -0.001 -4"><span class='ocrx_word' id='word_1_1' title='bbox 928 700 1205 772; x_wconf 77' lang='lat' dir='ltr'>ORATIO.</span> <span class='ocrx_word' id='word_1_2' title='bbox 1624 643 1658 733; x_wconf 74' lang='grc' dir='ltr'> </span> <span class='ocrx_word' id='word_1_3' title='bbox 1787 703 1827 770; x_wconf 73' lang='lat'><strong>41</strong></span> 
     </span>
    </p>
   </div>
   <div class='ocr_carea' id='block_1_2' title="bbox 230 901 1899 2176">
    <p class='ocr_par' dir='ltr' id='par_1_2' title="bbox 230 901 1899 2176">
     <span class='ocr_line' id='line_1_2' title="bbox 313 901 1832 992; baseline -0.013 -8"><span class='ocrx_word' id='word_1_4' title='bbox 313 927 418 984; x_wconf 86' lang='lat' dir='ltr'><strong>tatem</strong></span> <span class='ocrx_word' id='word_1_5' title='bbox 451 931 583 988; x_wconf 82' lang='lat' dir='ltr'><strong>meum,</strong></span> <span class='ocrx_word' id='word_1_6' title='bbox 635 907 817 974; x_wconf 82' lang='lat' dir='ltr'><strong>infantiam</strong></span> <span class='ocrx_word' id='word_1_7' title='bbox 866 927 987 992; x_wconf 84' lang='lat' dir='ltr'><strong>porro;</strong></span> <span class='ocrx_word' id='word_1_8' title='bbox 1016 945 1061 958; x_wconf 91' lang='lat'>-</span> <span class='ocrx_word' id='word_1_9' title='bbox 1088 906 1137 984; x_wconf 88' lang='lat' dir='ltr'><strong>si,</strong></span> <span class='ocrx_word' id='word_1_10' title='bbox 1180 915 1308 990; x_wconf 87' lang='lat' dir='ltr'><strong>quanta</strong></span> <span class='ocrx_word' id='word_1_11' title='bbox 1345 905 1390 970; x_wconf 87' lang='lat' dir='ltr'><strong>sit</strong></span> <span class='ocrx_word' id='word_1_12' title='bbox 1434 901 1587 969; x_wconf 87' lang='lat' dir='ltr'><strong>muneris</strong></span> <span class='ocrx_word' id='word_1_13' title='bbox 1638 905 1832 986; x_wconf 70' lang='lat' dir='ltr'><strong>capessendi</strong></span> 
     </span>
     <span class='ocr_line' id='line_1_3' title="bbox 311 1021 1899 1118; baseline -0.006 -19"><span class='ocrx_word' id='word_1_14' title='bbox 311 1033 476 1118; x_wconf 76' lang='lat' dir='ltr'><strong>grauitas,</strong></span> <span class='ocrx_word' id='word_1_15' title='bbox 502 1048 642 1107; x_wconf 83' lang='lat' dir='ltr'><strong>reuooo;</strong></span> <span class='ocrx_word' id='word_1_16' title='bbox 660 1063 707 1078; x_wconf 88' lang='lat'>-</span> <span class='ocrx_word' id='word_1_17' title='bbox 732 1029 877 1112; x_wconf 87' lang='lat' dir='ltr'><strong>denique</strong></span> <span class='ocrx_word' id='word_1_18' title='bbox 899 1029 953 1105; x_wconf 88' lang='lat' dir='ltr'><strong>ei,</strong></span> <span class='ocrx_word' id='word_1_19' title='bbox 978 1048 1019 1094; x_wconf 78' lang='lat' dir='ltr'><strong>ex</strong></span> <span class='ocrx_word' id='word_1_20' title='bbox 1046 1029 1112 1092; x_wconf 90' lang='lat' dir='ltr'><strong>hoc</strong></span> <span class='ocrx_word' id='word_1_21' title='bbox 1141 1023 1382 1114; x_wconf 85' lang='lat' dir='ltr'><strong>augustissimo</strong></span> <span class='ocrx_word' id='word_1_22' title='bbox 1404 1027 1498 1101; x_wconf 87' lang='lat' dir='ltr'><strong>loeo,</strong></span> <span class='ocrx_word' id='word_1_23' title='bbox 1532 1030 1646 1089; x_wconf 88' lang='lat' dir='ltr'><strong>tantos</strong></span> <span class='ocrx_word' id='word_1_24' title='bbox 1681 1021 1833 1090; x_wconf 84' lang='lat' dir='ltr'><strong>celeber·</strong></span> <span class='ocrx_word' id='word_1_25' title='bbox 1895 1033 1899 1040; x_wconf 89' lang='lat'>&#39;</span> 
     </span>
     <span class='ocr_line' id='line_1_4' title="bbox 309 1144 1829 1232; baseline -0.004 -18"><span class='ocrx_word' id='word_1_26' title='bbox 309 1149 415 1214; x_wconf 86' lang='lat' dir='ltr'><strong>rimus</strong></span> <span class='ocrx_word' id='word_1_27' title='bbox 466 1157 569 1232; x_wconf 87' lang='lat' dir='ltr'><strong>atque</strong></span> <span class='ocrx_word' id='word_1_28' title='bbox 617 1147 864 1214; x_wconf 84' lang='lat' dir='ltr'><strong>eruditissimos</strong></span> <span class='ocrx_word' id='word_1_29' title='bbox 908 1145 996 1213; x_wconf 82' lang='lat' dir='ltr'><strong>uiros</strong></span> <span class='ocrx_word' id='word_1_30' title='bbox 1035 1144 1204 1229; x_wconf 74' lang='lat' dir='ltr'><strong>conspicio</strong></span> <span class='ocrx_word' id='word_1_31' title='bbox 1236 1144 1429 1219; x_wconf 87' lang='lat' dir='ltr'><strong>intuentes,</strong></span> <span class='ocrx_word' id='word_1_32' title='bbox 1478 1151 1730 1228; x_wconf 80' lang='lat' dir='ltr'><strong>exspectantes,</strong></span> <span class='ocrx_word' id='word_1_33' title='bbox 1779 1153 1829 1219; x_wconf 89' lang='lat' dir='ltr'><strong>et,</strong></span> 
     </span>
     <span class='ocr_line' id='line_1_5' title="bbox 312 1261 1835 1353; baseline -0.004 -21"><span class='ocrx_word' id='word_1_34' title='bbox 312 1268 444 1352; x_wconf 86' lang='lat' dir='ltr'><strong>quoties</strong></span> <span class='ocrx_word' id='word_1_35' title='bbox 473 1267 568 1342; x_wconf 83' lang='lat' dir='ltr'><strong>dioc,</strong></span> <span class='ocrx_word' id='word_1_36' title='bbox 586 1265 687 1332; x_wconf 89' lang='lat' dir='ltr'><strong>toties</strong></span> <span class='ocrx_word' id='word_1_37' title='bbox 712 1271 753 1336; x_wconf 91' lang='lat' dir='ltr'><strong>de</strong></span> <span class='ocrx_word' id='word_1_38' title='bbox 773 1288 830 1336; x_wconf 91' lang='lat' dir='ltr'><strong>mo</strong></span> <span class='ocrx_word' id='word_1_39' title='bbox 845 1267 1059 1353; x_wconf 83' lang='lat' dir='ltr'><strong>judicantes,</strong></span> <span class='ocrx_word' id='word_1_40' title='bbox 1077 1303 1123 1314; x_wconf 92' lang='lat'><em>-</em></span> <span class='ocrx_word' id='word_1_41' title='bbox 1142 1267 1226 1331; x_wconf 84' lang='lat' dir='ltr'><strong>haec</strong></span> <span class='ocrx_word' id='word_1_42' title='bbox 1252 1262 1367 1329; x_wconf 88' lang='lat' dir='ltr'><strong>omnia</strong></span> <span class='ocrx_word' id='word_1_43' title='bbox 1392 1283 1472 1328; x_wconf 90' lang='lat' dir='ltr'><strong>cum</strong></span> <span class='ocrx_word' id='word_1_44' title='bbox 1503 1261 1617 1328; x_wconf 87' lang='lat' dir='ltr'><strong>animo</strong></span> <span class='ocrx_word' id='word_1_45' title='bbox 1644 1263 1780 1328; x_wconf 82' lang='lat' dir='ltr'><strong>volvem</strong></span> <span class='ocrx_word' id='word_1_46' title='bbox 1796 1269 1835 1326; x_wconf 89' lang='lat' dir='ltr'><strong>et</strong></span> 
     </span>
     <span class='ocr_line' id='line_1_6' title="bbox 314 1378 1834 1472; baseline -0.007 -20"><span class='ocrx_word' id='word_1_47' title='bbox 314 1397 392 1452; x_wconf 82' lang='lat' dir='ltr'><strong>ente</strong></span> <span class='ocrx_word' id='word_1_48' title='bbox 426 1387 543 1452; x_wconf 91' lang='lat' dir='ltr'><strong>oculos</strong></span> <span class='ocrx_word' id='word_1_49' title='bbox 581 1383 750 1472; x_wconf 83' lang='lat' dir='ltr'><strong>habeam,</strong></span> <span class='ocrx_word' id='word_1_50' title='bbox 782 1389 933 1454; x_wconf 75' lang='lat' dir='ltr'><strong>maximo</strong></span> <span class='ocrx_word' id='word_1_51' title='bbox 960 1388 1085 1454; x_wconf 88' lang='lat' dir='ltr'><strong>timore</strong></span> <span class='ocrx_word' id='word_1_52' title='bbox 1109 1407 1164 1452; x_wconf 91' lang='lat' dir='ltr'><strong>me</strong></span> <span class='ocrx_word' id='word_1_53' title='bbox 1193 1392 1406 1452; x_wconf 87' lang='lat' dir='ltr'><strong>commotum</strong></span> <span class='ocrx_word' id='word_1_54' title='bbox 1443 1391 1478 1448; x_wconf 90' lang='lat' dir='ltr'><strong>et</strong></span> <span class='ocrx_word' id='word_1_55' title='bbox 1506 1379 1750 1466; x_wconf 86' lang='lat' dir='ltr'><strong>perturbatam</strong></span> <span class='ocrx_word' id='word_1_56' title='bbox 1791 1378 1834 1443; x_wconf 84' lang='lat' dir='ltr'><strong>sd</strong></span> 
     </span>
     <span class='ocr_line' id='line_1_7' title="bbox 250 1497 1833 1591; baseline -0.007 -20"><span class='ocrx_word' id='word_1_57' title='bbox 250 1501 255 1508; x_wconf 77' lang='grc'><em>’</em></span> <span class='ocrx_word' id='word_1_58' title='bbox 312 1506 492 1572; x_wconf 82' lang='lat' dir='ltr'><strong>dicendum</strong></span> <span class='ocrx_word' id='word_1_59' title='bbox 516 1507 692 1584; x_wconf 77' lang='lat' dir='ltr'><strong>accedere,</strong></span> <span class='ocrx_word' id='word_1_60' title='bbox 712 1508 827 1591; x_wconf 90' lang='lat' dir='ltr'><strong>palam</strong></span> <span class='ocrx_word' id='word_1_61' title='bbox 846 1508 1021 1572; x_wconf 86' lang='lat' dir='ltr'><strong>confiteor.</strong></span> <span class='ocrx_word' id='word_1_62' title='bbox 1066 1501 1178 1590; x_wconf 87' lang='lat' dir='ltr'><strong>Quare</strong></span> <span class='ocrx_word' id='word_1_63' title='bbox 1202 1501 1243 1568; x_wconf 75' lang='lat' dir='ltr'><strong>A.</strong></span> <span class='ocrx_word' id='word_1_64' title='bbox 1266 1500 1306 1567; x_wconf 82' lang='lat' dir='ltr'><strong>A.</strong></span> <span class='ocrx_word' id='word_1_65' title='bbox 1336 1499 1377 1566; x_wconf 90' lang='grc' dir='ltr'><strong>Η.</strong></span> <span class='ocrx_word' id='word_1_66' title='bbox 1406 1499 1465 1566; x_wconf 87' lang='grc' dir='ltr'><strong>Η.Ι</strong></span> <span class='ocrx_word' id='word_1_67' title='bbox 1493 1499 1596 1576; x_wconf 90' lang='lat' dir='ltr'><strong>mihi,</strong></span> <span class='ocrx_word' id='word_1_68' title='bbox 1629 1497 1833 1583; x_wconf 80' lang='lat' dir='ltr'><strong>procellis,</strong></span> 
     </span>
     <span class='ocr_line' id='line_1_8' title="bbox 312 1615 1838 1714; baseline -0.007 -26"><span class='ocrx_word' id='word_1_69' title='bbox 312 1623 522 1710; x_wconf 87' lang='lat' dir='ltr'><strong>benignitate</strong></span> <span class='ocrx_word' id='word_1_70' title='bbox 542 1633 577 1690; x_wconf 90' lang='lat' dir='ltr'><strong>et</strong></span> <span class='ocrx_word' id='word_1_71' title='bbox 602 1623 814 1714; x_wconf 80' lang='lat' dir='ltr'><strong>indulgentii</strong></span> <span class='ocrx_word' id='word_1_72' title='bbox 836 1627 994 1708; x_wconf 84' lang='lat' dir='ltr'><strong>faveatis,</strong></span> <span class='ocrx_word' id='word_1_73' title='bbox 1022 1645 1188 1708; x_wconf 89' lang='lat' dir='ltr'><strong>auresque</strong></span> <span class='ocrx_word' id='word_1_74' title='bbox 1219 1624 1336 1690; x_wconf 76' lang='lat' dir='ltr'><strong>faciles</strong></span> <span class='ocrx_word' id='word_1_75' title='bbox 1368 1618 1577 1708; x_wconf 88' lang='lat' dir='ltr'><strong>praebeatis,</strong></span> <span class='ocrx_word' id='word_1_76' title='bbox 1606 1615 1729 1682; x_wconf 82' lang='lat' dir='ltr'><strong>obnixe</strong></span> <span class='ocrx_word' id='word_1_77' title='bbox 1754 1633 1838 1699; x_wconf 87' lang='lat' dir='ltr'><strong>rogo</strong></span> 
     </span>
     <span class='ocr_line' id='line_1_9' title="bbox 313 1735 1836 1828; baseline -0.006 -24"><span class='ocrx_word' id='word_1_78' title='bbox 313 1750 348 1806; x_wconf 85' lang='lat' dir='ltr'><strong>et</strong></span> <span class='ocrx_word' id='word_1_79' title='bbox 371 1740 522 1807; x_wconf 88' lang='lat' dir='ltr'><strong>obsecro.</strong></span> <span class='ocrx_word' id='word_1_80' title='bbox 558 1779 604 1790; x_wconf 87' lang='lat'><strong>-</strong></span> <span class='ocrx_word' id='word_1_81' title='bbox 628 1743 685 1810; x_wconf 86' lang='lat' dir='ltr'><strong>Me</strong></span> <span class='ocrx_word' id='word_1_82' title='bbox 708 1745 822 1828; x_wconf 87' lang='lat' dir='ltr'><strong>itaque</strong></span> <span class='ocrx_word' id='word_1_83' title='bbox 853 1744 1039 1810; x_wconf 82' lang='lat' dir='ltr'><strong>sublevetis</strong></span> <span class='ocrx_word' id='word_1_84' title='bbox 1069 1745 1242 1809; x_wconf 79' lang='lat' dir='ltr'><strong>dicentem</strong></span> <span class='ocrx_word' id='word_1_85' title='bbox 1275 1739 1315 1804; x_wconf 81' lang='lat' dir='ltr'><strong>de</strong></span> <span class='ocrx_word' id='word_1_86' title='bbox 1340 1743 1475 1805; x_wconf 81' lang='lat' dir='ltr'><strong>artium</strong></span> <span class='ocrx_word' id='word_1_87' title='bbox 1504 1749 1536 1802; x_wconf 83' lang='lat' dir='ltr'><strong>et</strong></span> <span class='ocrx_word' id='word_1_88' title='bbox 1571 1735 1836 1806; x_wconf 72' lang='lat' dir='ltr'><strong>institutorum,</strong></span> 
     </span>
     <span class='ocr_line' id='line_1_10' title="bbox 315 1847 1838 1950; baseline -0.004 -31"><span class='ocrx_word' id='word_1_89' title='bbox 315 1878 399 1942; x_wconf 74' lang='lat' dir='ltr'><strong>prees</strong></span> <span class='ocrx_word' id='word_1_90' title='bbox 425 1856 469 1921; x_wconf 84' lang='lat' dir='ltr'><strong>ab</strong></span> <span class='ocrx_word' id='word_1_91' title='bbox 500 1857 678 1926; x_wconf 66' lang='lat' dir='ltr'><strong>industrii</strong></span> <span class='ocrx_word' id='word_1_92' title='bbox 718 1876 901 1933; x_wconf 75' lang='lat' dir='ltr'><strong>emantur,</strong></span> <span class='ocrx_word' id='word_1_93' title='bbox 922 1883 1114 1950; x_wconf 78' lang='lat' dir='ltr'><strong>progressu</strong></span> <span class='ocrx_word' id='word_1_94' title='bbox 1141 1871 1173 1924; x_wconf 82' lang='lat' dir='ltr'><strong>et</strong></span> <span class='ocrx_word' id='word_1_95' title='bbox 1192 1855 1423 1946; x_wconf 79' lang='lat' dir='ltr'><strong>perfectiores,</strong></span> <span class='ocrx_word' id='word_1_96' title='bbox 1453 1856 1680 1922; x_wconf 71' lang='lat' dir='ltr'><strong>recentiorum</strong></span> <span class='ocrx_word' id='word_1_97' title='bbox 1703 1847 1838 1915; x_wconf 72' lang='lat' dir='ltr'><strong>meto-</strong></span> 
     </span>
     <span class='ocr_line' id='line_1_11' title="bbox 230 1971 1840 2067; baseline -0.004 -30"><span class='ocrx_word' id='word_1_98' title='bbox 230 2007 233 2012; x_wconf 93' lang='lat'><em>·</em></span> <span class='ocrx_word' id='word_1_99' title='bbox 312 1977 516 2042; x_wconf 80' lang='lat' dir='ltr'><strong>muticorum</strong></span> <span class='ocrx_word' id='word_1_100' title='bbox 529 1976 815 2067; x_wconf 74' lang='lat' dir='ltr'><strong>diligentissimis</strong></span> <span class='ocrx_word' id='word_1_101' title='bbox 823 1977 1174 2066; x_wconf 78' lang='lat' dir='ltr'><strong>pervestigatiom&#39;bue</strong></span> <span class='ocrx_word' id='word_1_102' title='bbox 1193 1986 1296 2060; x_wconf 85' lang='lat' dir='ltr'><strong>utque</strong></span> <span class='ocrx_word' id='word_1_103' title='bbox 1313 1973 1469 2060; x_wconf 76' lang='lat' dir='ltr'><strong>egregiis</strong></span> <span class='ocrx_word' id='word_1_104' title='bbox 1490 1971 1659 2055; x_wconf 70' lang='lat' dir='ltr'><strong>irruentis,</strong></span> <span class='ocrx_word' id='word_1_105' title='bbox 1675 1987 1840 2055; x_wconf 78' lang='lat' dir='ltr'><strong>magnum</strong></span> 
     </span>
     <span class='ocr_line' id='line_1_12' title="bbox 310 2093 666 2176; baseline 0.014 -22"><span class='ocrx_word' id='word_1_106' title='bbox 310 2101 449 2176; x_wconf 81' lang='lat' dir='ltr'><strong>portem</strong></span> <span class='ocrx_word' id='word_1_107' title='bbox 471 2093 666 2160; x_wconf 62' lang='lat' dir='ltr'><strong>retundo.</strong></span> 
     </span>
    </p>
   </div>
   <div class='ocr_carea' id='block_1_3' title="bbox 315 2551 1934 4978">
    <p class='ocr_par' dir='ltr' id='par_1_3' title="bbox 315 2551 1934 4882">
     <span class='ocr_line' id='line_1_13' title="bbox 361 2551 1841 2644; baseline 0 -24"><span class='ocrx_word' id='word_1_108' title='bbox 361 2551 591 2640; x_wconf 84' lang='lat' dir='ltr'><strong>Qusmplures</strong></span> <span class='ocrx_word' id='word_1_109' title='bbox 615 2556 804 2625; x_wconf 88' lang='lat' dir='ltr'><strong>industriae</strong></span> <span class='ocrx_word' id='word_1_110' title='bbox 822 2568 911 2626; x_wconf 87' lang='lat' dir='ltr'><strong>artes</strong></span> <span class='ocrx_word' id='word_1_111' title='bbox 934 2577 1014 2624; x_wconf 90' lang='lat' dir='ltr'><strong>oum</strong></span> <span class='ocrx_word' id='word_1_112' title='bbox 1030 2603 1039 2636; x_wconf 98' lang='lat'><strong>,</strong></span> <span class='ocrx_word' id='word_1_113' title='bbox 1058 2557 1208 2640; x_wconf 78' lang='lat' dir='ltr'><strong>antiquis</strong></span> <span class='ocrx_word' id='word_1_114' title='bbox 1226 2554 1465 2642; x_wconf 90' lang='lat' dir='ltr'><strong>temporibus,</strong></span> <span class='ocrx_word' id='word_1_115' title='bbox 1484 2575 1553 2622; x_wconf 89' lang='lat' dir='ltr'><strong>non</strong></span> <span class='ocrx_word' id='word_1_116' title='bbox 1569 2557 1733 2644; x_wconf 79' lang='lat' dir='ltr'><strong>ingenuae</strong></span> <span class='ocrx_word' id='word_1_117' title='bbox 1763 2574 1841 2620; x_wconf 88' lang='lat' dir='ltr'><strong>cen·</strong></span> 
     </span>
     <span class='ocr_line' id='line_1_14' title="bbox 315 2674 1843 2760; baseline -0.001 -22"><span class='ocrx_word' id='word_1_118' title='bbox 315 2683 491 2750; x_wconf 89' lang='lat' dir='ltr'><strong>serentur,</strong></span> <span class='ocrx_word' id='word_1_119' title='bbox 515 2677 608 2740; x_wconf 89' lang='lat' dir='ltr'><strong>haud</strong></span> <span class='ocrx_word' id='word_1_120' title='bbox 631 2674 827 2742; x_wconf 89' lang='lat' dir='ltr'><strong>mirandum</strong></span> <span class='ocrx_word' id='word_1_121' title='bbox 854 2677 1012 2750; x_wconf 80' lang='lat' dir='ltr'><strong>videtur,</strong></span> <span class='ocrx_word' id='word_1_122' title='bbox 1036 2685 1166 2742; x_wconf 81' lang='lat' dir='ltr'><strong>veteres</strong></span> <span class='ocrx_word' id='word_1_123' title='bbox 1192 2676 1414 2760; x_wconf 89' lang='lat' dir='ltr'><strong>philosophos</strong></span> <span class='ocrx_word' id='word_1_124' title='bbox 1432 2683 1467 2740; x_wconf 82' lang='lat' dir='ltr'><strong>et</strong></span> <span class='ocrx_word' id='word_1_125' title='bbox 1486 2683 1675 2760; x_wconf 80' lang='lat' dir='ltr'><strong>geometras</strong></span> <span class='ocrx_word' id='word_1_126' title='bbox 1692 2681 1764 2737; x_wconf 89' lang='lat' dir='ltr'><strong>tam</strong></span> <span class='ocrx_word' id='word_1_127' title='bbox 1786 2691 1843 2754; x_wconf 87' lang='lat' dir='ltr'><strong>pa·</strong></span> 
     </span>
     <span class='ocr_line' id='line_1_15' title="bbox 317 2767 1845 2879; baseline -0.001 -23"><span class='ocrx_word' id='word_1_128' title='bbox 317 2811 397 2856; x_wconf 89' lang='lat' dir='ltr'><strong>rum</strong></span> <span class='ocrx_word' id='word_1_129' title='bbox 425 2791 468 2854; x_wconf 85' lang='lat' dir='ltr'><strong>ed</strong></span> <span class='ocrx_word' id='word_1_130' title='bbox 497 2811 616 2856; x_wconf 87' lang='lat' dir='ltr'><strong>esrum</strong></span> <span class='ocrx_word' id='word_1_131' title='bbox 644 2812 748 2858; x_wconf 88' lang='lat' dir='ltr'><strong>usum</strong></span> <span class='ocrx_word' id='word_1_132' title='bbox 776 2804 810 2860; x_wconf 88' lang='lat' dir='ltr'><strong>et</strong></span> <span class='ocrx_word' id='word_1_133' title='bbox 839 2792 1085 2879; x_wconf 83' lang='lat' dir='ltr'><strong>perfectionem</strong></span> <span class='ocrx_word' id='word_1_134' title='bbox 1115 2793 1311 2858; x_wconf 81' lang='lat' dir='ltr'><strong>contulisse.</strong></span> <span class='ocrx_word' id='word_1_135' title='bbox 1338 2788 1553 2858; x_wconf 68' lang='lat' dir='ltr'><strong>,Accedebat</strong></span> <span class='ocrx_word' id='word_1_136' title='bbox 1580 2767 1718 2866; x_wconf 81' lang='lat' dir='ltr'><strong>sutem,</strong></span> <span class='ocrx_word' id='word_1_137' title='bbox 1753 2787 1845 2871; x_wconf 90' lang='lat' dir='ltr'><strong>quod</strong></span> 
     </span>
     <span class='ocr_line' id='line_1_16' title="bbox 317 2904 1844 2998; baseline -0.005 -22"><span class='ocrx_word' id='word_1_138' title='bbox 317 2909 462 2976; x_wconf 88' lang='lat' dir='ltr'><strong>minime</strong></span> <span class='ocrx_word' id='word_1_139' title='bbox 490 2910 531 2974; x_wconf 93' lang='lat' dir='ltr'><strong>iis</strong></span> <span class='ocrx_word' id='word_1_140' title='bbox 557 2911 711 2994; x_wconf 87' lang='lat' dir='ltr'><strong>placuit,</strong></span> <span class='ocrx_word' id='word_1_141' title='bbox 740 2911 777 2976; x_wconf 92' lang='lat' dir='ltr'><strong>in</strong></span> <span class='ocrx_word' id='word_1_142' title='bbox 804 2910 972 2998; x_wconf 87' lang='lat' dir='ltr'><strong>ejusmodi</strong></span> <span class='ocrx_word' id='word_1_143' title='bbox 997 2909 1368 2994; x_wconf 88' lang='lat' dir='ltr'><strong>contemplationibus,</strong></span> <span class='ocrx_word' id='word_1_144' title='bbox 1400 2927 1486 2991; x_wconf 88' lang='lat' dir='ltr'><strong>quae</strong></span> <span class='ocrx_word' id='word_1_145' title='bbox 1516 2907 1558 2970; x_wconf 90' lang='lat' dir='ltr'><strong>ad</strong></span> <span class='ocrx_word' id='word_1_146' title='bbox 1581 2904 1759 2971; x_wconf 89' lang='lat' dir='ltr'><strong>scientiam</strong></span> <span class='ocrx_word' id='word_1_147' title='bbox 1785 2923 1844 2968; x_wconf 83' lang='lat' dir='ltr'><strong>eu·</strong></span> 
     </span>
     <span class='ocr_line' id='line_1_17' title="bbox 317 3017 1843 3114; baseline -0.005 -20"><span class='ocrx_word' id='word_1_148' title='bbox 317 3029 480 3114; x_wconf 85' lang='lat' dir='ltr'><strong>gendum,</strong></span> <span class='ocrx_word' id='word_1_149' title='bbox 513 3048 655 3112; x_wconf 84' lang='lat' dir='ltr'><strong>eamque</strong></span> <span class='ocrx_word' id='word_1_150' title='bbox 686 3029 934 3112; x_wconf 82' lang='lat' dir='ltr'><strong>adhibendam,</strong></span> <span class='ocrx_word' id='word_1_151' title='bbox 965 3026 1249 3113; x_wconf 83' lang='lat' dir='ltr'><strong>instituerentur,</strong></span> <span class='ocrx_word' id='word_1_152' title='bbox 1278 3051 1299 3096; x_wconf 87' lang='lat' dir='ltr'><strong>e</strong></span> <span class='ocrx_word' id='word_1_153' title='bbox 1327 3026 1490 3094; x_wconf 89' lang='lat' dir='ltr'><strong>methodo</strong></span> <span class='ocrx_word' id='word_1_154' title='bbox 1519 3017 1726 3112; x_wconf 77' lang='lat' dir='ltr'><strong>geometrici</strong></span> <span class='ocrx_word' id='word_1_155' title='bbox 1756 3041 1843 3104; x_wconf 90' lang='lat' dir='ltr'><strong>quo·</strong></span> 
     </span>
     <span class='ocr_line' id='line_1_18' title="bbox 319 3140 1845 3233; baseline -0.003 -23"><span class='ocrx_word' id='word_1_156' title='bbox 319 3147 502 3213; x_wconf 86' lang='lat' dir='ltr'><strong>dammodo</strong></span> <span class='ocrx_word' id='word_1_157' title='bbox 526 3146 669 3233; x_wconf 85' lang='lat' dir='ltr'><strong>discedi,</strong></span> <span class='ocrx_word' id='word_1_158' title='bbox 688 3157 748 3212; x_wconf 85' lang='lat' dir='ltr'><strong>eut</strong></span> <span class='ocrx_word' id='word_1_159' title='bbox 776 3149 940 3232; x_wconf 87' lang='lat' dir='ltr'><strong>quaedam</strong></span> <span class='ocrx_word' id='word_1_160' title='bbox 968 3147 1152 3232; x_wconf 86' lang='lat' dir='ltr'><strong>principie,</strong></span> <span class='ocrx_word' id='word_1_161' title='bbox 1174 3169 1215 3214; x_wconf 84' lang='lat' dir='ltr'><strong>ex</strong></span> <span class='ocrx_word' id='word_1_162' title='bbox 1236 3146 1312 3214; x_wconf 83' lang='lat' dir='ltr'><strong>eliis</strong></span> <span class='ocrx_word' id='word_1_163' title='bbox 1333 3144 1487 3213; x_wconf 84' lang='lat' dir='ltr'><strong>lontibus</strong></span> <span class='ocrx_word' id='word_1_164' title='bbox 1505 3145 1647 3218; x_wconf 87' lang='lat' dir='ltr'><strong>heusta,</strong></span> <span class='ocrx_word' id='word_1_165' title='bbox 1665 3162 1746 3208; x_wconf 88' lang='lat' dir='ltr'><strong>cum</strong></span> <span class='ocrx_word' id='word_1_166' title='bbox 1763 3140 1845 3206; x_wconf 88' lang='lat' dir='ltr'><strong>doc·</strong></span> 
     </span>
     <span class='ocr_line' id='line_1_19' title="bbox 321 3259 1844 3352; baseline -0.003 -24"><span class='ocrx_word' id='word_1_167' title='bbox 321 3263 430 3329; x_wconf 85' lang='lat' dir='ltr'><strong>trinee</strong></span> <span class='ocrx_word' id='word_1_168' title='bbox 466 3265 690 3351; x_wconf 83' lang='lat' dir='ltr'><strong>geometricae</strong></span> <span class='ocrx_word' id='word_1_169' title='bbox 733 3265 909 3352; x_wconf 86' lang='lat' dir='ltr'><strong>principiis</strong></span> <span class='ocrx_word' id='word_1_170' title='bbox 945 3263 1161 3332; x_wconf 86' lang='lat' dir='ltr'><strong>solidioribus</strong></span> <span class='ocrx_word' id='word_1_171' title='bbox 1192 3266 1366 3352; x_wconf 81' lang='lat' dir='ltr'><strong>copulari,</strong></span> <span class='ocrx_word' id='word_1_172' title='bbox 1396 3266 1450 3331; x_wconf 80' lang='lat' dir='ltr'><strong>vel</strong></span> <span class='ocrx_word' id='word_1_173' title='bbox 1479 3262 1585 3329; x_wconf 82' lang='lat' dir='ltr'><strong>etium</strong></span> <span class='ocrx_word' id='word_1_174' title='bbox 1618 3259 1844 3328; x_wconf 81' lang='lat' dir='ltr'><strong>commisceri.</strong></span> 
     </span>
     <span class='ocr_line' id='line_1_20' title="bbox 322 3375 1845 3470; baseline 0 -26"><span class='ocrx_word' id='word_1_175' title='bbox 322 3375 478 3463; x_wconf 84' lang='lat' dir='ltr'><strong>Cumque</strong></span> <span class='ocrx_word' id='word_1_176' title='bbox 497 3402 524 3447; x_wconf 85' lang='lat' dir='ltr'><strong>e.</strong></span> <span class='ocrx_word' id='word_1_177' title='bbox 537 3404 578 3470; x_wconf 80' lang='lat' dir='ltr'><strong>g.</strong></span> <span class='ocrx_word' id='word_1_178' title='bbox 598 3382 688 3449; x_wconf 88' lang='lat' dir='ltr'><strong>inter</strong></span> <span class='ocrx_word' id='word_1_179' title='bbox 709 3393 837 3450; x_wconf 80' lang='lat' dir='ltr'><strong>ueteres</strong></span> <span class='ocrx_word' id='word_1_180' title='bbox 855 3386 1117 3452; x_wconf 84' lang='lat' dir='ltr'><strong>mathematicos</strong></span> <span class='ocrx_word' id='word_1_181' title='bbox 1136 3385 1283 3456; x_wconf 86' lang='lat' dir='ltr'><strong>suerint,</strong></span> <span class='ocrx_word' id='word_1_182' title='bbox 1304 3383 1363 3468; x_wconf 92' lang='lat' dir='ltr'><strong>qui</strong></span> <span class='ocrx_word' id='word_1_183' title='bbox 1381 3381 1553 3467; x_wconf 89' lang='lat' dir='ltr'><strong>imprimis</strong></span> <span class='ocrx_word' id='word_1_184' title='bbox 1573 3381 1617 3446; x_wconf 86' lang='lat' dir='ltr'><strong>ed</strong></span> <span class='ocrx_word' id='word_1_185' title='bbox 1634 3378 1845 3448; x_wconf 86' lang='lat' dir='ltr'><strong>mechanicss</strong></span> 
     </span>
     <span class='ocr_line' id='line_1_21' title="bbox 320 3497 1851 3589; baseline 0.003 -29"><span class='ocrx_word' id='word_1_186' title='bbox 320 3497 474 3563; x_wconf 86' lang='lat' dir='ltr'><strong>studium</strong></span> <span class='ocrx_word' id='word_1_187' title='bbox 492 3499 656 3567; x_wconf 64' lang='lat' dir='ltr'><strong>vanimum</strong></span> <span class='ocrx_word' id='word_1_188' title='bbox 681 3504 919 3587; x_wconf 88' lang='lat' dir='ltr'><strong>attenderent,</strong></span> <span class='ocrx_word' id='word_1_189' title='bbox 958 3499 1129 3589; x_wconf 85' lang='lat' dir='ltr'><strong>hujusque</strong></span> <span class='ocrx_word' id='word_1_190' title='bbox 1154 3502 1327 3568; x_wconf 87' lang='lat' dir='ltr'><strong>doctrinae</strong></span> <span class='ocrx_word' id='word_1_191' title='bbox 1351 3504 1594 3586; x_wconf 68' lang='lat' dir='ltr'><strong>fundamenta,</strong></span> <span class='ocrx_word' id='word_1_192' title='bbox 1622 3519 1685 3584; x_wconf 86' lang='lat' dir='ltr'><strong>ope</strong></span> <span class='ocrx_word' id='word_1_193' title='bbox 1711 3517 1851 3586; x_wconf 87' lang='lat' dir='ltr'><strong>geome-</strong></span> 
     </span>
     <span class='ocr_line' id='line_1_22' title="bbox 324 3613 1849 3705; baseline -0.002 -25"><span class='ocrx_word' id='word_1_194' title='bbox 324 3615 409 3682; x_wconf 87' lang='lat' dir='ltr'><strong>triae</strong></span> <span class='ocrx_word' id='word_1_195' title='bbox 432 3620 679 3705; x_wconf 86' lang='lat' dir='ltr'><strong>principiorum</strong></span> <span class='ocrx_word' id='word_1_196' title='bbox 699 3631 734 3688; x_wconf 87' lang='lat' dir='ltr'><strong>et</strong></span> <span class='ocrx_word' id='word_1_197' title='bbox 756 3623 1033 3698; x_wconf 87' lang='lat' dir='ltr'><strong>theorematum,</strong></span> <span class='ocrx_word' id='word_1_198' title='bbox 1052 3640 1181 3705; x_wconf 85' lang='lat' dir='ltr'><strong>ponere</strong></span> <span class='ocrx_word' id='word_1_199' title='bbox 1190 3629 1226 3685; x_wconf 92' lang='lat' dir='ltr'><strong>et</strong></span> <span class='ocrx_word' id='word_1_200' title='bbox 1236 3618 1393 3690; x_wconf 82' lang='lat' dir='ltr'><strong>stabilire</strong></span> <span class='ocrx_word' id='word_1_201' title='bbox 1403 3619 1469 3686; x_wconf 92' lang='lat' dir='ltr'><strong>sibi</strong></span> <span class='ocrx_word' id='word_1_202' title='bbox 1484 3623 1736 3703; x_wconf 89' lang='lat' dir='ltr'><strong>proponerent,</strong></span> <span class='ocrx_word' id='word_1_203' title='bbox 1756 3613 1849 3678; x_wconf 84' lang='lat' dir='ltr'><strong>hund</strong></span> 
     </span>
     <span class='ocr_line' id='line_1_23' title="bbox 324 3729 1850 3825; baseline -0.003 -28"><span class='ocrx_word' id='word_1_204' title='bbox 324 3733 470 3800; x_wconf 85' lang='lat' dir='ltr'><strong>feliciter</strong></span> <span class='ocrx_word' id='word_1_205' title='bbox 494 3736 534 3800; x_wconf 89' lang='lat' dir='ltr'><strong>iis</strong></span> <span class='ocrx_word' id='word_1_206' title='bbox 554 3739 716 3825; x_wconf 87' lang='lat' dir='ltr'><strong>contigit,</strong></span> <span class='ocrx_word' id='word_1_207' title='bbox 743 3749 784 3804; x_wconf 93' lang='lat' dir='ltr'><strong>ut</strong></span> <span class='ocrx_word' id='word_1_208' title='bbox 807 3761 848 3804; x_wconf 81' lang='lat' dir='ltr'><strong>ex</strong></span> <span class='ocrx_word' id='word_1_209' title='bbox 867 3761 987 3804; x_wconf 89' lang='lat' dir='ltr'><strong>eorum</strong></span> <span class='ocrx_word' id='word_1_210' title='bbox 1008 3736 1346 3822; x_wconf 79' lang='lat' dir='ltr'><strong>investigationibus,</strong></span> <span class='ocrx_word' id='word_1_211' title='bbox 1365 3740 1437 3804; x_wconf 83' lang='lat' dir='ltr'><strong>sive</strong></span> <span class='ocrx_word' id='word_1_212' title='bbox 1459 3739 1495 3801; x_wconf 91' lang='lat' dir='ltr'><strong>in</strong></span> <span class='ocrx_word' id='word_1_213' title='bbox 1513 3753 1733 3802; x_wconf 87' lang='lat' dir='ltr'><strong>communem</strong></span> <span class='ocrx_word' id='word_1_214' title='bbox 1752 3729 1850 3797; x_wconf 88' lang='lat' dir='ltr'><strong>utili·</strong></span> 
     </span>
     <span class='ocr_line' id='line_1_24' title="bbox 325 3847 1852 3938; baseline -0.001 -24"><span class='ocrx_word' id='word_1_215' title='bbox 325 3857 451 3917; x_wconf 83' lang='lat' dir='ltr'><strong>tstem,</strong></span> <span class='ocrx_word' id='word_1_216' title='bbox 476 3849 547 3914; x_wconf 84' lang='lat' dir='ltr'><strong>sive</strong></span> <span class='ocrx_word' id='word_1_217' title='bbox 573 3850 608 3914; x_wconf 90' lang='lat' dir='ltr'><strong>in</strong></span> <span class='ocrx_word' id='word_1_218' title='bbox 636 3851 743 3935; x_wconf 89' lang='lat' dir='ltr'><strong>ipsius</strong></span> <span class='ocrx_word' id='word_1_219' title='bbox 766 3853 925 3918; x_wconf 81' lang='lat' dir='ltr'><strong>scientiae</strong></span> <span class='ocrx_word' id='word_1_220' title='bbox 955 3861 1200 3938; x_wconf 84' lang='lat' dir='ltr'><strong>augmentum,</strong></span> <span class='ocrx_word' id='word_1_221' title='bbox 1236 3851 1370 3917; x_wconf 81' lang='lat' dir='ltr'><strong>fructus</strong></span> <span class='ocrx_word' id='word_1_222' title='bbox 1392 3849 1516 3938; x_wconf 87' lang='lat' dir='ltr'><strong>sliquis</strong></span> <span class='ocrx_word' id='word_1_223' title='bbox 1539 3858 1729 3936; x_wconf 87' lang='lat' dir='ltr'><strong>caperetur.</strong></span> <span class='ocrx_word' id='word_1_224' title='bbox 1774 3847 1852 3922; x_wconf 85' lang='lat' dir='ltr'><strong>Plri-</strong></span> 
     </span>
     <span class='ocr_line' id='line_1_25' title="bbox 326 3962 1852 4050; baseline 0.003 -20"><span class='ocrx_word' id='word_1_225' title='bbox 326 3962 461 4048; x_wconf 88' lang='lat' dir='ltr'><strong>loeophi</strong></span> <span class='ocrx_word' id='word_1_226' title='bbox 488 3963 616 4029; x_wconf 85' lang='lat' dir='ltr'><strong>etenim</strong></span> <span class='ocrx_word' id='word_1_227' title='bbox 645 3966 687 4029; x_wconf 90' lang='lat' dir='ltr'><strong>de</strong></span> <span class='ocrx_word' id='word_1_228' title='bbox 712 3967 794 4048; x_wconf 87' lang='lat' dir='ltr'><strong>ipsis</strong></span> <span class='ocrx_word' id='word_1_229' title='bbox 821 3968 1030 4032; x_wconf 83' lang='lat' dir='ltr'><strong>mechanicos</strong></span> <span class='ocrx_word' id='word_1_230' title='bbox 1055 3966 1247 4050; x_wconf 89' lang='lat' dir='ltr'><strong>principiis,</strong></span> <span class='ocrx_word' id='word_1_231' title='bbox 1279 3968 1388 4050; x_wconf 89' lang='lat' dir='ltr'><strong>deque</strong></span> <span class='ocrx_word' id='word_1_232' title='bbox 1413 3968 1591 4044; x_wconf 88' lang='lat' dir='ltr'><strong>methodo,</strong></span> <span class='ocrx_word' id='word_1_233' title='bbox 1609 3968 1708 4033; x_wconf 83' lang='lat' dir='ltr'><strong>valde</strong></span> <span class='ocrx_word' id='word_1_234' title='bbox 1724 3967 1852 4036; x_wconf 84' lang='lat' dir='ltr'><strong>diesen·</strong></span> 
     </span>
     <span class='ocr_line' id='line_1_26' title="bbox 329 4080 1934 4166; baseline 0.004 -17"><span class='ocrx_word' id='word_1_235' title='bbox 329 4082 482 4162; x_wconf 83' lang='lat' dir='ltr'><strong>tiebunt,</strong></span> <span class='ocrx_word' id='word_1_236' title='bbox 508 4084 693 4166; x_wconf 88' lang='lat' dir='ltr'><strong>pluresque</strong></span> <span class='ocrx_word' id='word_1_237' title='bbox 714 4102 754 4148; x_wconf 87' lang='lat' dir='ltr'><strong>ex</strong></span> <span class='ocrx_word' id='word_1_238' title='bbox 775 4081 854 4146; x_wconf 87' lang='lat' dir='ltr'><strong>iude</strong></span> <span class='ocrx_word' id='word_1_239' title='bbox 873 4090 969 4147; x_wconf 89' lang='lat' dir='ltr'><strong>ortae</strong></span> <span class='ocrx_word' id='word_1_240' title='bbox 989 4080 1236 4148; x_wconf 80' lang='lat' dir='ltr'><strong>coutroversiae</strong></span> <span class='ocrx_word' id='word_1_241' title='bbox 1263 4101 1368 4165; x_wconf 89' lang='lat' dir='ltr'><strong>quam</strong></span> <span class='ocrx_word' id='word_1_242' title='bbox 1386 4085 1574 4159; x_wconf 88' lang='lat' dir='ltr'><strong>utilitates,</strong></span> <span class='ocrx_word' id='word_1_243' title='bbox 1594 4106 1714 4153; x_wconf 78' lang='lat' dir='ltr'><strong>causae</strong></span> <span class='ocrx_word' id='word_1_244' title='bbox 1733 4089 1850 4164; x_wconf 84' lang='lat' dir='ltr'><strong>luere,</strong></span> <span class='ocrx_word' id='word_1_245' title='bbox 1932 4131 1934 4136; x_wconf 31' lang='grc' dir='ltr'><em>ν</em></span> 
     </span>
     <span class='ocr_line' id='line_1_27' title="bbox 330 4198 1852 4291; baseline 0.004 -25"><span class='ocrx_word' id='word_1_246' title='bbox 330 4221 391 4266; x_wconf 88' lang='lat' dir='ltr'><strong>cur</strong></span> <span class='ocrx_word' id='word_1_247' title='bbox 423 4199 527 4285; x_wconf 91' lang='lat' dir='ltr'><strong>hujus</strong></span> <span class='ocrx_word' id='word_1_248' title='bbox 557 4198 757 4283; x_wconf 88' lang='lat' dir='ltr'><strong>disciplinae</strong></span> <span class='ocrx_word' id='word_1_249' title='bbox 783 4199 939 4264; x_wconf 81' lang='lat' dir='ltr'><strong>studium</strong></span> <span class='ocrx_word' id='word_1_250' title='bbox 964 4220 1034 4266; x_wconf 91' lang='lat' dir='ltr'><strong>non</strong></span> <span class='ocrx_word' id='word_1_251' title='bbox 1062 4201 1187 4276; x_wconf 86' lang='lat' dir='ltr'><strong>modo,</strong></span> <span class='ocrx_word' id='word_1_252' title='bbox 1216 4201 1276 4268; x_wconf 84' lang='lat' dir='ltr'><strong>sed</strong></span> <span class='ocrx_word' id='word_1_253' title='bbox 1295 4200 1384 4268; x_wconf 89' lang='lat' dir='ltr'><strong>illud</strong></span> <span class='ocrx_word' id='word_1_254' title='bbox 1404 4203 1532 4285; x_wconf 85' lang='lat' dir='ltr'><strong>etiam,</strong></span> <span class='ocrx_word' id='word_1_255' title='bbox 1556 4222 1625 4287; x_wconf 88' lang='lat' dir='ltr'><strong>quo</strong></span> <span class='ocrx_word' id='word_1_256' title='bbox 1647 4203 1852 4291; x_wconf 80' lang='lat' dir='ltr'><strong>geometriae</strong></span> 
     </span>
     <span class='ocr_line' id='line_1_28' title="bbox 329 4315 1852 4404; baseline 0.004 -20"><span class='ocrx_word' id='word_1_257' title='bbox 329 4339 410 4384; x_wconf 87' lang='lat' dir='ltr'><strong>usus</strong></span> <span class='ocrx_word' id='word_1_258' title='bbox 436 4315 540 4384; x_wconf 87' lang='lat' dir='ltr'><strong>latius</strong></span> <span class='ocrx_word' id='word_1_259' title='bbox 578 4326 733 4402; x_wconf 84' lang='lat' dir='ltr'><strong>pateret,</strong></span> <span class='ocrx_word' id='word_1_260' title='bbox 762 4315 903 4384; x_wconf 89' lang='lat' dir='ltr'><strong>omniuo</strong></span> <span class='ocrx_word' id='word_1_261' title='bbox 932 4317 1175 4404; x_wconf 82' lang='lat' dir='ltr'><strong>negligeretur.</strong></span> <span class='ocrx_word' id='word_1_262' title='bbox 1222 4316 1343 4404; x_wconf 89' lang='lat' dir='ltr'><strong>ltaque</strong></span> <span class='ocrx_word' id='word_1_263' title='bbox 1375 4320 1418 4388; x_wconf 84' lang='lat' dir='ltr'><strong>sb</strong></span> <span class='ocrx_word' id='word_1_264' title='bbox 1443 4341 1648 4390; x_wconf 74' lang='lat' dir='ltr'><strong>nuruum</strong></span> <span class='ocrx_word' id='word_1_265' title='bbox 1669 4322 1747 4392; x_wconf 89' lang='lat' dir='ltr'><strong>inde</strong></span> <span class='ocrx_word' id='word_1_266' title='bbox 1766 4333 1852 4390; x_wconf 88' lang='lat' dir='ltr'><strong>tem·</strong></span> 
     </span>
     <span class='ocr_line' id='line_1_29' title="bbox 332 4433 1854 4528; baseline 0.005 -28"><span class='ocrx_word' id='word_1_267' title='bbox 332 4453 433 4519; x_wconf 90' lang='lat' dir='ltr'><strong>pore,</strong></span> <span class='ocrx_word' id='word_1_268' title='bbox 475 4451 583 4517; x_wconf 89' lang='lat' dir='ltr'><strong>usque</strong></span> <span class='ocrx_word' id='word_1_269' title='bbox 624 4433 667 4502; x_wconf 85' lang='lat' dir='ltr'><strong>ad</strong></span> <span class='ocrx_word' id='word_1_270' title='bbox 702 4451 938 4511; x_wconf 74' lang='lat' dir='ltr'><strong>menmium,</strong></span> <span class='ocrx_word' id='word_1_271' title='bbox 969 4453 1072 4500; x_wconf 90' lang='lat' dir='ltr'><strong>omne</strong></span> <span class='ocrx_word' id='word_1_272' title='bbox 1099 4435 1190 4501; x_wconf 90' lang='lat' dir='ltr'><strong>illud</strong></span> <span class='ocrx_word' id='word_1_273' title='bbox 1225 4435 1381 4506; x_wconf 86' lang='lat' dir='ltr'><strong>studium</strong></span> <span class='ocrx_word' id='word_1_274' title='bbox 1408 4437 1506 4526; x_wconf 90' lang='lat' dir='ltr'><strong>quasi</strong></span> <span class='ocrx_word' id='word_1_275' title='bbox 1537 4441 1709 4508; x_wconf 87' lang='lat' dir='ltr'><strong>incultum</strong></span> <span class='ocrx_word' id='word_1_276' title='bbox 1733 4443 1854 4528; x_wconf 86' lang='lat' dir='ltr'><strong>jacuit.</strong></span> 
     </span>
     <span class='ocr_line' id='line_1_30' title="bbox 330 4535 1856 4642; baseline 0.005 -24"><span class='ocrx_word' id='word_1_277' title='bbox 330 4551 442 4640; x_wconf 80' lang='lat' dir='ltr'><strong>HuJ&#39;us</strong></span> <span class='ocrx_word' id='word_1_278' title='bbox 473 4561 589 4618; x_wconf 85' lang='lat' dir='ltr'><strong>sutem</strong></span> <span class='ocrx_word' id='word_1_279' title='bbox 615 4550 744 4622; x_wconf 86' lang='lat' dir='ltr'><strong>summi</strong></span> <span class='ocrx_word' id='word_1_280' title='bbox 773 4561 966 4639; x_wconf 86' lang='lat' dir='ltr'><strong>geometres</strong></span> <span class='ocrx_word' id='word_1_281' title='bbox 992 4551 1118 4621; x_wconf 82' lang='lat' dir='ltr'><strong>eximio</strong></span> <span class='ocrx_word' id='word_1_282' title='bbox 1145 4554 1279 4641; x_wconf 84' lang='lat' dir='ltr'><strong>ingenio</strong></span> <span class='ocrx_word' id='word_1_283' title='bbox 1305 4567 1475 4642; x_wconf 87' lang='lat' dir='ltr'><strong>quantum</strong></span> <span class='ocrx_word' id='word_1_284' title='bbox 1500 4556 1625 4625; x_wconf 86' lang='lat' dir='ltr'><strong>debent</strong></span> <span class='ocrx_word' id='word_1_285' title='bbox 1647 4535 1725 4624; x_wconf 86' lang='lat' dir='ltr'><strong>tum</strong></span> <span class='ocrx_word' id='word_1_286' title='bbox 1749 4559 1856 4626; x_wconf 88' lang='lat' dir='ltr'><strong>disci·</strong></span> 
     </span>
     <span class='ocr_line' id='line_1_31' title="bbox 335 4671 1853 4762; baseline 0.004 -26"><span class='ocrx_word' id='word_1_287' title='bbox 335 4673 445 4754; x_wconf 81' lang='lat' dir='ltr'><strong>plinue</strong></span> <span class='ocrx_word' id='word_1_288' title='bbox 466 4671 746 4749; x_wconf 86' lang='lat' dir='ltr'><strong>mathematicae,</strong></span> <span class='ocrx_word' id='word_1_289' title='bbox 771 4674 971 4740; x_wconf 86' lang='lat' dir='ltr'><strong>tumetium</strong></span> <span class='ocrx_word' id='word_1_290' title='bbox 990 4675 1102 4742; x_wconf 77' lang='lat' dir='ltr'><strong>variae</strong></span> <span class='ocrx_word' id='word_1_291' title='bbox 1125 4683 1235 4752; x_wconf 83' lang='lat' dir='ltr'><strong>artes,</strong></span> <span class='ocrx_word' id='word_1_292' title='bbox 1261 4695 1363 4744; x_wconf 90' lang='lat' dir='ltr'><strong>nemo</strong></span> <span class='ocrx_word' id='word_1_293' title='bbox 1382 4679 1537 4762; x_wconf 84' lang='lat' dir='ltr'><strong>proiecto</strong></span> <span class='ocrx_word' id='word_1_294' title='bbox 1557 4674 1642 4753; x_wconf 89' lang='lat' dir='ltr'><strong>erit,</strong></span> <span class='ocrx_word' id='word_1_295' title='bbox 1659 4675 1719 4762; x_wconf 91' lang='lat' dir='ltr'><strong>qui</strong></span> <span class='ocrx_word' id='word_1_296' title='bbox 1738 4677 1853 4762; x_wconf 80' lang='lat' dir='ltr'><strong>paucis</strong></span> 
     </span>
     <span class='ocr_line' id='line_1_32' title="bbox 335 4769 1856 4882; baseline 0.004 -30"><span class='ocrx_word' id='word_1_297' title='bbox 335 4787 494 4872; x_wconf 84' lang='lat' dir='ltr'><strong>explicet.</strong></span> <span class='ocrx_word' id='word_1_298' title='bbox 539 4785 656 4875; x_wconf 89' lang='lat' dir='ltr'><strong>Quum</strong></span> <span class='ocrx_word' id='word_1_299' title='bbox 685 4810 764 4858; x_wconf 82' lang='lat' dir='ltr'><strong>vero</strong></span> <span class='ocrx_word' id='word_1_300' title='bbox 784 4789 1059 4879; x_wconf 63' lang='lat' dir='ltr'><strong>antecognitum</strong></span> <span class='ocrx_word' id='word_1_301' title='bbox 1091 4792 1154 4872; x_wconf 90' lang='lat' dir='ltr'><strong>sit,</strong></span> <span class='ocrx_word' id='word_1_302' title='bbox 1188 4813 1356 4879; x_wconf 81' lang='lat' dir='ltr'><strong>quassum</strong></span> <span class='ocrx_word' id='word_1_303' title='bbox 1377 4816 1398 4860; x_wconf 83' lang='lat' dir='ltr'><strong>s</strong></span> <span class='ocrx_word' id='word_1_304' title='bbox 1417 4769 1800 4882; x_wconf 71' lang='lat' dir='ltr'><strong>praestantissimum</strong></span> <span class='ocrx_word' id='word_1_305' title='bbox 1819 4794 1856 4858; x_wconf 94' lang='lat' dir='ltr'><strong>in</strong></span> 
     </span>
    </p>

    <p class='ocr_par' dir='ltr' id='par_1_4' title="bbox 1469 4912 1498 4978">
     <span class='ocr_line' id='line_1_33' title="bbox 1469 4912 1498 4978; baseline 0 0"><span class='ocrx_word' id='word_1_306' title='bbox 1469 4912 1498 4978; x_wconf 86' lang='lat' dir='ltr'>F</span> 
     </span>
    </p>
   </div>
   <div class='ocr_carea' id='block_1_4' title="bbox 0 0 2510 6244">
    <p class='ocr_par' dir='ltr' id='par_1_5' title="bbox 0 0 2510 6244">
     <span class='ocr_line' id='line_1_34' title="bbox 0 0 2510 6244; baseline 0 0"><span class='ocrx_word' id='word_1_307' title='bbox 0 0 2510 6244; x_wconf 95' lang='lat' dir='ltr'><strong> </strong></span> 
     </span>
    </p>
   </div>
  </div>
 </body>
</html>
