4956 6246
1347 1321 1350 1329 ·
1708 1287 1720 1312 ⁴
1762 1289 1777 1336 t

846 1400 1106 1475 actorium
1139 1395 1429 1483 enarrarre,
1469 1355 1802 1478 processores,

896 1535 1091 1610 invenus
1118 1533 1299 1624 vosone
1333 1529 1548 1602 vraouuu
1588 1523 1803 1598 ununrro-

856 1673 857 1680 ¹
897 1669 998 1741 auu
1016 1667 1216 1748 conoul,
1241 1663 1504 1757 QurcuuQuu
1521 1659 1640 1732 aare
1660 1657 1804 1730 suana

777 1801 780 1808 ·
903 1801 1128 1876 uouscun
1150 1800 1416 1872 currentius
1438 1795 1698 1874 nutaturus

277 2438 381 2538 Bene
409 2483 448 2527 ac
471 2461 657 2548 prudenter
685 2461 832 2527 maiores
863 2460 972 2528 nostri
1004 2459 1251 2538 instituerunt,
1293 2472 1334 2528 ut
1366 2461 1440 2547 ipso
1478 2459 1668 2528 academiae
1695 2457 1802 2524 natali

277 2591 426 2647 rectores
446 2579 689 2667 magistratum
710 2597 861 2646 annuum
873 2579 1096 2664 deponerent.
1125 2577 1178 2645 Ita
1194 2577 1363 2646 nimirum
1382 2587 1418 2645 et
1437 2575 1505 2644 diei
1519 2576 1599 2643 festi
1619 2575 1806 2641 memoriae

280 2695 478 2763 recolendae
518 2707 552 2762 et
597 2696 750 2764 libertati
786 2699 976 2766 academiae
1009 2699 1193 2766 servandae
1223 2695 1354 2784 optime
1379 2707 1600 2781 prospectum
1629 2705 1692 2772 est,
1737 2688 1808 2758 Nec

275 2801 390 2880 ininus
419 2816 613 2900 sapienter,
641 2819 769 2883 festum
799 2817 893 2882 hunc
921 2815 1013 2882 diem
1046 2817 1200 2884 oratione
1234 2817 1396 2884 rectorali
1434 2813 1680 2878 celebrandum
1710 2831 1804 2882 esse,

272 2935 523 3030 judicaverunt.
569 2929 655 3000 Nam
683 2933 712 2998 si
739 2936 864 3022 vulgus
896 2935 1079 3004 hominum
1103 2934 1288 3030 conviviis,
1320 2929 1433 3007 ludis,
1454 2939 1576 3005 cantu,
1600 2929 1671 2997 <ties
1697 2925 1803 2990 festos

277 3052 459 3126 exhilaret,
490 3071 559 3136 quo
586 3071 710 3136 quamn
732 3055 947 3122 eruditorum
980 3053 1086 3122 animi
1114 3066 1175 3124 aut
1206 3053 1352 3142 aptiori,
1382 3062 1443 3118 aut
1466 3047 1601 3116 meliori
1628 3045 1733 3112 modo
1762 3043 1806 3108 ad

275 3169 379 3256 hujus
397 3169 473 3274 'diei
509 3171 765 3239 solemnitatem
794 3183 1103 3258 componerentur,
1139 3192 1245 3261 qnam
1280 3168 1475 3240 istiusmodi
1503 3165 1587 3233 ludo
1616 3163 1804 3239 litterario,
1911 3207 1919 3214 ·

277 3309 382 3374 quam
402 3285 578 3355 Musarum
608 3301 732 3369 cantu,
759 3287 930 3359 Socratica
950 3292 1041 3361 inter
1067 3297 1203 3380 pocula.

323 3403 426 3472 Certe
462 3427 532 3474 non
552 3427 670 3474 omnes
700 3423 848 3496 possunt
877 3433 948 3479 esse
978 3421 1152 3491 oratores,
1191 3420 1233 3479 ut
1274 3409 1460 3479 verborum
1489 3403 1807 3485 sententiarumque

231 3597 235 3606 ,
277 3533 422 3601 ornatu,
444 3534 485 3591 ut
506 3538 587 3611 apto
609 3529 843 3617 concinneque
863 3529 1015 3617 corporis
1032 3541 1154 3606 motu,
1172 3541 1213 3598 ut
1230 3549 1312 3597 voce
1333 3533 1501 3614 vultuque
1520 3525 1645 3595 diuinis
1665 3521 1808 3590 audien-

278 3641 367 3706 tium
378 3643 509 3710 animos
523 3649 771 3729 permulceant.
793 3647 922 3717 Verum
936 3650 1052 3736 ecquis
1062 3659 1135 3718 tam
1145 3652 1288 3740 agrestis
1307 3658 1383 3728 est,
1400 3659 1473 3716 tam
1484 3643 1580 3714 rudis
1593 3653 1685 3720 ,tam
1697 3640 1807 3706 inians

278 3757 398 3834 plane,
421 3771 463 3824 ut
487 3763 576 3826 nihil
602 3785 715 3850 neque
736 3769 777 3833 de
798 3769 901 3834 rebus
926 3769 1071 3849 divinis,
1094 3790 1206 3857 neque
1227 3772 1269 3835 de
1299 3769 1402 3834 rebus
1425 3763 1610 3844 humanis,
1633 3780 1744 3842 neque
1765 3755 1807 3818 ‘10

281 3887 363 3941 ⁵¹1³,
387 3885 500 3962 neque
523 3875 566 3940 ‹le
594 3879 742 3944 aliorum
769 3883 912 3946 scientia
938 3907 1139 3968 expromere
1161 3898 1196 3938 ee
1218 3887 1331 3938 verbis
1353 3883 1508 3960 proferre
1526 3876 1660 3962 possit?
1682 3873 1808 3937 Parum

280 3985 437 4071 proiecto
458 3980 634 4068 ingenium
652 3973 1096 4053 taffteiue‘tio‘o'i'toctoris
1111 3989 1295 4053 academici
1312 4001 1455 4049 munere
1473 3971 1650 4050 ethonore
1665 3981 1809 4070 dignum

281 4097 531 4170 existimaretis.
575 4095 664 4200 Nam
683 4099 749 4166 nisi
765 4101 1173 4183 liberaliter'institutus,
1198 4104 1264 4170 nisi
1284 4103 1492 4178 academiae,
1515 4101 1581 4168 nisi
1600 4100 1809 4186 reipublicae

283 4221 472 4289 litterariae
492 4219 575 4287 civis
597 4229 730 4286 tantam
745 4242 925 4306 personam
939 4242 1019 4290 cum
1035 4223 1202 4311 dignitate
1223 4243 1325 4291 nemo
1343 4223 1544 4290 sustinebit:
1588 4219 1702 4309 Atque
1722 4223 1810 4289 hanc

282 4337 485 4409 liberalem,
510 4339 598 4403 hanc
628 4339 855 4407 academicam
881 4342 1136 4410 institutionem
1169 4344 1338 4431 cogitans,
1368 4344 1504 4428 saepius
1537 4361 1618 4410 roce
1645 4351 1812 4429 tanquam

283 4455 389 4522 tacita
408 4456 593 4535 monebar,
612 4456 648 4524 id
666 4457 754 4527 mihi
773 4476 945 4527 sumerem
963 4481 1079 4528 coram
1094 4460 1192 4530 robis
1207 4448 1278 4529 'nac
1298 4463 1383 4530 hora
1403 4459 1538 4529 dicendi
1554 4471 1810 4550 argumentum.

286 4573 415 4645 Crebro
439 4577 579 4672 quidem
593 4577 597 4588 ⁴
610 4579 697 4647 aliae
725 4601 780 4648 res
809 4583 1025 4668 permultae,
1049 4579 1238 4668 dequibus
1268 4580 1373 4651 rerba
1389 4585 1556 4660 iacerem,
1579 4579 1690 4647 menti
1716 4599 1812 4647 meae

284 4695 563 4794 obrersabantur.
609 4698 673 4768 Sed
693 4708 791 4768 erant
823 4700 887 4768 hae
906 4702 1024 4794 quales
1046 4723 1133 4790 quae
1157 4709 1259 4768 nocte
1278 4699 1439 4769 visuntur
1458 4700 1589 4788 species
1609 4709 1648 4775 et
1665 4697 1810 4768 umbrae

283 4831 407 4898 meque
426 4818 522 4898 quasi
546 4839 587 4886 ex
604 4836 724 4885 somno
739 4817 982 4904 evigilantem,
1004 4817 1274 4892 eece'institntio
1298 4817 1490 4894 academice
1507 4819 1550 4891 de
1564 4840 1602 4892 ae
1615 4837 1809 4890 sermonem

285 4938 327 4997 nt
343 4932 528 5018 haberem,
553 4935 815 5030 adhortabatur.
